3120 5070
767 500 809 573 53

197 703 357 775 maculis
383 724 538 795 carere,
561 704 614 774 ita
636 714 679 774 ut
701 701 752 775 ad
775 704 950 798 quemvis
972 701 1225 775 difficiliorem
1247 704 1376 776 locum

195 835 485 931 expediendum
512 847 662 908 tantum
689 859 788 929 opus
815 837 864 908 sit
885 835 987 908 illam
1010 836 1136 929 adire,
1160 848 1203 909 ut
1225 839 1377 932 integer

195 994 333 1042 sensus
371 969 432 1041 vel
470 972 638 1065 genuina
672 969 789 1041 lectio
821 968 922 1041 illico
958 971 1184 1043 inveniatur.
1219 971 1374 1043 Etenim

195 1127 283 1175 cum
310 1105 427 1174 etiam
454 1102 520 1177 Vs.
548 1104 588 1175 B.
613 1102 754 1175 eodem
776 1127 895 1196 anno,
918 1127 995 1198 quo
1017 1103 1185 1198 Spinoza
1205 1104 1374 1196 obierat,

195 1237 400 1330 prodierit,
441 1237 523 1309 fieri
558 1262 636 1310 non
671 1241 817 1333 potuit,
851 1241 944 1334 quin
978 1241 1061 1332 pari
1095 1262 1183 1310 cum
1218 1238 1375 1312 festina-

196 1373 321 1464 tione,
362 1374 470 1444 cuius
505 1370 678 1444 editores
716 1371 789 1443 Ed.
824 1371 886 1443 Pr.
922 1375 1136 1468 arguimus,
1173 1373 1373 1466 confecta,

195 1503 255 1575 hic
281 1504 356 1576 illic
379 1504 507 1577 locum
531 1528 649 1599 prave
672 1505 815 1577 lectum
838 1508 1049 1579 autminus
1072 1519 1180 1579 recte
1203 1507 1375 1578 intellec·
1495 1499 1499 1503 ’

194 1649 275 1710 tum
303 1638 525 1731 exhiberet,
553 1640 751 1711 omitteret
776 1663 951 1734 quoque,
979 1638 1147 1734 denique
1168 1640 1375 1736 neglegen-

193 1774 270 1843 tiae
307 1771 589 1868 socordiaeque
624 1770 765 1844 indicia
795 1771 989 1845 interdum
1016 1796 1110 1867 prae
1138 1797 1180 1846 se
1206 1787 1374 1869 gereret.

195 1905 313 1979 Cuius
346 1909 500 2001 generis
536 1919 625 1980 sunt
660 1907 741 2000 illa,
774 1930 875 2002 quae
907 1909 983 1980 iam
1009 1906 1122 1979 Land
1149 1920 1372 1981 notaverat:

192 2062 270 2110 vox
299 2040 566 2134 „aucupium”
594 2040 681 2112 Eth.
709 2040 770 2132 IV,
798 2064 909 2135 prop.
938 2058 995 2133 71,
1020 2040 1138 2113 schol.
1159 2064 1229 2135 per
1253 2065 1373 2133 „aan-

193 2171 348 2245 loksel’'
385 2172 557 2267 reddita,
592 2186 632 2246 et
666 2174 754 2246 Eth.
789 2174 851 2267 IV,
880 2198 968 2269 app.
997 2193 1062 2267 25,
1090 2175 1155 2246 ubi
1182 2175 1371 2270 „ignavi”

192 2330 263 2400 pro
305 2308 489 2402 „ignari”
523 2310 685 2380 verterit
719 2311 923 2402 interpres.
958 2308 1069 2401 Quae
1101 2308 1213 2380 facile
1240 2312 1373 2404 augeri
1422 2400 1425 2405 .

192 2452 356 2533 possunt
366 2469 374 2534 3
403 2439 452 2514 cf.
479 2464 541 2512 ex.
569 2464 624 2536 gr.
653 2441 783 2513 Tract.
810 2441 891 2514 Pol.
915 2441 945 2533 I,
971 2459 1010 2533 5:
1035 2441 1119 2534 „vel
1142 2443 1180 2512 in
1200 2441 1372 2535 templiS,

192 2574 256 2645 ubi
290 2574 466 2647 homines
498 2575 641 2646 nullum
668 2587 855 2647 exercent
880 2576 1129 2646 commercium
1141 2575 1161 2603 ''
1190 2598 1288 2669 quae
1317 2577 1372 2648 sic

192 2720 411 2782 vertuntur:
453 2708 528 2802 „of
562 2711 601 2780 in
639 2709 689 2781 de
728 2709 898 2802 kerken,
938 2708 1032 2781 daar
1071 2709 1120 2782 de
1159 2708 1373 2781 menschen

190 2864 292 2937 geen
318 2843 542 2939 koopliandel
566 2843 759 2938 plegen'';
788 2842 877 2916 ibid.
906 2859 938 2935 7,
963 2841 1271 2935 „consuetudines
1286 2844 1373 2938 jun-

191 2976 329 3069 gunt”;
355 2976 433 3048 hun
450 2987 662 3071 gewoonten
684 3000 819 3048 samen
841 2998 1011 3070 voegen3
1034 2975 1094 3068 IV,
1119 2996 1155 3067 2,
1178 3033 1198 3067 „
1212 2973 1369 3070 (media)

191 3110 307 3183 urbes
353 3110 549 3184 condendi
596 3121 636 3181 et
681 3108 896 3200 muniendi,
941 3109 1081 3180 milites
1119 3106 1368 3179 condemnat

191 3256 387 3338 etqseqq.:
410 3242 636 3339 (middelen)
660 3241 810 3314 Steden
824 3253 863 3313 te
877 3241 1062 3333 bouwen,
1086 3265 1135 3312 en
1149 3252 1189 3313 te
1203 3252 1370 3313 verster-

192 3376 285 3469 ken,
309 3376 556 3472 krijgslieden
577 3388 616 3447 te
635 3373 799 3470 gelez'den
821 3397 902 3445 enz.
927 3373 1222 3446 Caecutientem
1237 3385 1368 3446 autem

190 3511 444 3604 interpretem
479 3509 806 3604 deprehendimus
833 3532 895 3581 ex.
920 3532 976 3605 gr.
1004 3511 1042 3580 in
1069 3507 1210 3580 eodem
1237 3507 1367 3581 Tract.

188 3639 269 3715 Pol.
285 3643 344 3736 III,
374 3662 427 3737 17,
451 3644 515 3716 ubi
537 3653 682 3715 tenetur
694 3667 782 3738 per:
807 3643 912 3735 „ben
926 3641 1212 3739 z'kgehouden”
1233 3644 1366 3736 vertit,

189 3771 257 3868 VI,
286 3793 344 3869 27,
372 3777 436 3849 ubi
463 3780 822 3873 quinquagesimum
849 3801 920 3871 pro
942 3776 1279 3872 quadragesimum
1300 3799 1367 3847 ex-

189 3909 314 4002 hibet3
349 3910 433 4003 VII,
469 3932 511 4003 4,
547 3911 612 3984 ubi
644 3935 715 4005 pro
749 3910 949 4004 habuerit,
983 3910 1192 3982 habuerint
1217 3908 1365 4002 reddit,

189 4067 288 4138 quae
315 4044 432 4116 lectio
458 4057 581 4117 totam
605 4048 838 4118 sententiam
861 4047 1013 4117 evertit.
1032 4045 1155 4116 Porro
1178 4066 1305 4137 neque
1328 4045 1366 4114 in

189 4179 281 4271 ipsis
328 4177 519 4251 lemmatis
557 4202 697 4251 vocum
738 4178 1009 4270 difficiliorum,
1053 4201 1152 4272 quae
1191 4180 1230 4248 in
1268 4201 1367 4250 mar-

185 4314 274 4406 gine
307 4310 566 4384 adscribenda
601 4315 750 4386 curavit
782 4315 992 4406 interpres,
1030 4313 1134 4383 omni
1164 4335 1295 4383 errore
1323 4334 1364 4383 se
1423 4317 1426 4322 ’

187 4445 387 4538 abstinuit,
422 4448 565 4540 quippe
589 4449 736 4540 quiex.
760 4470 815 4542 gr.
837 4449 875 4518 in
897 4457 1066 4518 tractatu
1088 4445 1137 4517 de
1159 4448 1224 4517 int.
1241 4468 1314 4516 em.
1335 4466 1363 4537 1,
