3120 5070
240 774 331 866 His,
371 775 521 868 opinor,
561 771 653 845 satis
692 772 822 845 elucet
860 772 1041 844 Versioni
1075 772 1255 868 Belgicae
1283 796 1372 868 pro-

190 909 313 1001 priam
339 903 598 977 addicendam
626 927 713 977 esse
729 907 1023 998 auctoritatem,
1049 908 1192 1001 quippe
1207 930 1307 1003 quae
1322 931 1374 979 ex

191 1038 345 1112 schedis
379 1037 573 1132 Spinozae
608 1048 649 1108 et
681 1036 764 1109 fere
793 1061 864 1110 suo
892 1037 1017 1110 Marte
1044 1038 1243 1132 confecta,
1270 1042 1375 1134 ipsas

191 1172 282 1246 lllss,
305 1172 495 1245 lectiones
516 1170 710 1244 interdum
726 1170 874 1244 referre
889 1171 1088 1244 censenda
1102 1175 1161 1245 sit.
1176 1172 1229 1247 Ut
1243 1185 1373 1247 autem

191 1316 399 1399 appareat,
426 1315 613 1401 quantum
633 1304 827 1377 lucremur
849 1304 923 1377 hoc
938 1305 1110 1378 subsidio
1126 1320 1373 1401 comparato,

190 1440 255 1510 vix
269 1461 368 1532 opus
381 1449 443 1511 est
456 1440 495 1508 in
508 1437 733 1511 memoriam
747 1461 953 1532 revocare,
977 1463 1092 1536 quam
1107 1463 1227 1534 saepe
1240 1443 1279 1512 in
1293 1440 1374 1522 edi-

190 1574 297 1645 tione
322 1570 486 1666 Hagana
511 1570 578 1644 Vs.
605 1570 646 1642 B.
674 1573 713 1642 in
740 1570 911 1644 calcibus
934 1573 1160 1668 paginarum
1183 1572 1372 1666 laudetur,

191 1727 318 1800 neque
344 1704 453 1778 locos
480 1727 728 1797 enumerare,
752 1707 790 1776 in
812 1705 950 1801 quibus
973 1705 1228 1780 emendandis
1250 1706 1316 1779 Vs.
1331 1706 1372 1779 B.

191 1840 281 1911 viris
311 1837 439 1912 doctis
465 1840 566 1911 viam
593 1837 644 1910 ad
670 1837 978 1932 recuperandam
1003 1841 1212 1934 genuinam
1239 1840 1373 1913 lectio-

191 1993 281 2042 nem
329 1970 500 2043 omnium
547 1973 876 2066 opportunissime
915 1975 1200 2045 monstraverit.
1240 1973 1374 2068 ltaque

191 2117 349 2178 transeo
372 2104 423 2177 ad
444 2129 514 2179 eos
536 2106 665 2198 locos,
688 2105 753 2177 ubi
773 2104 839 2178 Vs.
861 2105 1041 2200 Belgicae
1055 2106 1157 2178 nulla
1169 2105 1213 2179 fit
1226 2109 1374 2180 mentio

191 2241 230 2309 in
255 2237 317 2311 ed.
345 2238 464 2334 Hag.‚
492 2263 583 2311 cum
609 2251 742 2311 tamen
767 2238 830 2311 illa
849 2238 1165 2333 emendationes,
1187 2239 1269 2311 aL.
1284 2264 1373 2334 pro-

191 2373 339 2464 positas
381 2372 442 2445 vel
481 2384 736 2465 memoratas,
772 2375 1024 2466 occupaverit
1063 2385 1103 2446 et
1141 2372 1374 2467 occupando

193 2506 377 2576 sanxerit.
406 2504 552 2598 Quales
579 2517 687 2578 sunt:
715 2504 765 2577 de
792 2507 858 2577 int.
886 2528 959 2577 em.
976 2507 1043 2598 76,
1070 2504 1374 2601 confunduntur3

190 2635 278 2708 Eth.
305 2635 369 2730 Ill,
401 2658 455 2730 11,
484 2637 622 2711 schol:
647 2663 755 2731 nam,
783 2654 845 2728 17:
869 2663 944 2731 res;
973 2639 1035 2731 18,
1060 2638 1178 2712 schol.
1203 2658 1244 2710 2:
1267 2638 1374 2711 dubi·

192 2770 457 2864 tavz'mu531V,
481 2769 624 2865 prael:
647 2769 802 2864 videret,
826 2770 872 2863 V,
898 2791 942 2861 9:
966 2772 1009 2843 in
1030 2772 1128 2865 sola3
1156 2790 1209 2865 10,
1233 2771 1372 2845 schol:

189 2902 390 2975 observabit
399 2932 408 2997 3
436 2922 500 2976 20:
528 2929 609 2976 cum
634 2902 749 2976 eodem
775 2905 908 2976 scholio
934 2903 1043 3000 Prop.
1069 2925 1094 2992 4
1103 2933 1112 2999 3
1136 2903 1267 2978 Tract.
1290 2905 1371 2978 Pol.

185 3143 281 3201 schol.
310 3152 370 3216 „ut
396 3161 460 3202 non
482 3143 599 3203 credidi
622 3145 777 3221 quendam
799 3164 897 3204 errare
920 3147 1113 3221 (quamquam
1134 3148 1199 3205 eius
1219 3148 1309 3206 verba
1329 3148 1377 3206 ab·

184 3240 279 3298 surda
299 3241 436 3314 essent)”,
459 3252 611 3319 etqseqq.;
633 3241 750 3303 ibidem
771 3242 844 3302 talia
865 3243 941 3301 fere:
960 3243 1136 3316 „veleadem
1150 3245 1242 3302 uelde
1251 3245 1380 3303 diversis

185 3339 272 3396 rebus
291 3340 467 3413 cogitant;”
489 3341 558 3402 Eth.
579 3343 625 3416 II,
646 3361 699 3418 49,
721 3343 816 3402 schol.
839 3342 1060 3419 „supponatur
1077 3340 1168 3418 igitur
1185 3343 1279 3402 homo
1296 3342 1378 3402 falsis

185 3435 367 3511 quibusdam
401 3447 462 3496 tam
484 3441 687 3514 pertinaciter
707 3439 887 3514 adhaerere,
917 3440 1057 3498 utnulla
1079 3440 1378 3502 modoaddubitan·

184 3533 254 3591 dum
285 3534 321 3591 dc
351 3535 400 3593 his
425 3536 511 3609 atligi
522 3540 628 3613 possit,
651 3536 846 3613 nunquam,’'
868 3545 1020 3614 etqseqq3
1042 3535 1158 3596 ibidem
1179 3536 1289 3610 „ideas
1309 3537 1378 3596 illas

185 3649 301 3704 rerum,
321 3651 399 3707 quae
419 3635 539 3693 nullum
563 3638 720 3708 verlegium
744 3638 776 3693 in
797 3636 912 3694 cerebro
933 3623 1035 3694 nostro
1051 3635 1160 3711 facere
1169 3644 1302 3711 possunt
1315 3637 1379 3694 sive

185 3730 351 3803 quarum‚'’
373 3741 509 3808 etqseqq.
531 3734 634 3792 Tract.
659 3735 724 3794 Pol.
752 3734 815 3806 IX,
837 3752 872 3805 14
899 3767 964 3805 „-
982 3751 1060 3809 quae
1078 3751 1184 3791 omnes
1205 3733 1337 3808 probant
1348 3742 1377 3791 et

185 3826 224 3884 de
244 3825 353 3900 quibus
372 3846 464 3889 nemo
475 3839 566 3889 antea
573 3830 734 3908 cogitasset
741 3850 750 3904 ;
764 3833 849 3889 cuius
858 3832 906 3888 rei
914 3833 946 3888 in
957 3831 1128 3890 Hollamlia
1139 3832 1237 3889 multa
1248 3831 1379 3889 vidimus

184 3925 347 3999 exempla,’'
368 3924 479 4001 quibus
501 3927 601 3987 verbis
623 3927 674 3986 vix
693 3940 794 3986 'carere
812 3946 972 4004 possumus
990 3929 1029 3988 ob
1044 3946 1089 4002 ea,
1106 3946 1184 4003 quae
1195 3937 1377 4004 sequuntur:

185 4021 271 4092 „hoc
293 4023 520 4082 Hollandorum
542 4023 739 4102 imperium’'.
762 4028 921 4085 Postremo
942 4026 1011 4084 Eth.
1034 4026 1064 4097 I,
1085 4044 1154 4102 app.
1176 4024 1208 4083 in
1223 4024 1290 4102 ipso
1300 4026 1376 4099 fine,

187 4117 239 4177 ubi
267 4120 342 4178 haec
373 4120 459 4179 addit
484 4124 535 4182 Vs.
557 4124 597 4181 B:
627 4123 685 4196 „Si
705 4124 857 4198 quaedam
878 4122 967 4182 huius
988 4121 1106 4182 farinae
1126 4124 1227 4183 adhuc
1247 4132 1376 4196 restant,

184 4225 328 4292 poterunt
364 4219 471 4277 eadem
510 4221 550 4280 ab
580 4239 766 4298 unoquoque
797 4219 946 4280 mediocri
976 4219 1176 4281 meditatione
1206 4219 1377 4294 emendari,

184 4317 285 4388 itaque
304 4317 422 4374 nullam
444 4319 564 4378 invenio
584 4337 719 4392 causam,
749 4328 787 4377 ut
804 4319 853 4376 Itis
872 4319 958 4376 rebus
976 4319 1093 4377 diutius
1112 4321 1249 4378 insistam
1271 4320 1378 4392 uTC.,’'

186 4412 268 4470 unde
288 4412 462 4489 suspiceris,
488 4416 600 4476 librum
621 4417 754 4495 primum
776 4414 919 4489 Ethieae,
943 4426 975 4475 ut
995 4415 1201 4492 praelatione,
1222 4416 1265 4476 ita
1285 4415 1377 4476 etiam

185 4508 264 4568 iusto
286 4511 346 4569 fine
367 4529 478 4575 carere.
