3120 5070
755 496 804 569 70

232 697 322 771 ibid.
354 717 412 791 15,
441 698 559 771 schol.
589 699 715 771 Minus
736 711 845 773 recte
868 699 929 770 illa
954 698 1131 791 „Porro”
1155 709 1195 770 et
1219 697 1367 791 „Deni-

184 833 279 927 que”
316 832 406 905 inde
441 832 489 904 ab
515 832 588 904 Ed.
615 833 739 905 Princ.
768 835 920 906 cursive
948 835 1227 926 imprimuntur,
1255 836 1367 929 quasi

183 965 279 1037 haec
307 977 412 1038 esset
439 978 755 1061 argumentorum
782 968 922 1039 series:
952 965 1367 1058 „Prz'mo-Porro-
1422 1059 1426 1064 ἱ

183 1098 385 1194 Denz'que.''
414 1098 560 1171 Contra
589 1098 651 1171 hic
678 1102 957 1172 sententiarum
980 1098 1077 1171 ordo
1099 1110 1139 1171 et
1162 1123 1369 1173 connexus

184 1255 271 1304 esse
311 1244 492 1326 apparet:
533 1232 706 1305 Primum
746 1245 1015 1327 argumentum
1038 1231 1368 1305 adversariorum

185 1378 263 1457 est,
292 1365 396 1460 quod
418 1366 634 1438 substantia
657 1389 848 1460 corporea
871 1366 1233 1459 constatpartibus;
1257 1369 1370 1439 cuius

186 1489 375 1577 ratiocinii
403 1522 553 1590 „unum
579 1511 697 1594 atque
724 1498 918 1570 alterum'’
943 1498 1166 1592 exemplum
1187 1497 1368 1592 affertur,

186 1656 239 1704 sc.
275 1632 340 1702 I⁰.:
370 1635 429 1724 „si
462 1632 677 1704 substantia
707 1654 918 1726 corporea,
946 1634 1072 1724 aiunt,
1101 1643 1165 1704 est‘
1187 1632 1368 1704 infmita”

186 1778 361 1862 etqseqq.
377 1766 456 1837 II⁰.:
474 1790 626 1860 „porr0,
645 1768 676 1838 si
690 1767 907 1861 quantitas”
923 1778 998 1838 etc.
1014 1765 1091 1837 1110.
1106 1794 1112 1836 :
1138 1823 1158 1858 „
1170 1765 1368 1862 Denique,

187 1902 217 1971 si
245 1923 295 1970 ex
317 1924 395 1972 uno
418 1901 595 1994 puncto”
621 1911 695 1971 etc.
718 1900 789 1972 His
808 1912 938 1972 autem
960 1902 1151 1994 expositis
1174 1901 1368 1995 sequitur:

188 2031 425 2124 „Secundum
450 2045 720 2128 argumentum
747 2034 920 2128 petitur”
949 2045 1126 2129 etqseqq.

238 2166 395 2259 Optime
422 2167 488 2240 Vs.
516 2168 575 2260 ss,
604 2191 704 2262 quae
731 2167 821 2239 nihil
848 2168 999 2239 cursive
1028 2166 1206 2257 exhibet,
1234 2165 1370 2238 ultima

187 2302 302 2371 vertit
329 2324 415 2393 per:
445 2301 533 2392 „het
559 2300 712 2373 tweede
739 2301 900 2396 bewijs''
930 2311 1004 2372 etc.

238 2565 327 2638 ibid.
357 2568 423 2658 28,
452 2566 590 2639 schol.:
621 2564 751 2658 „Cum
778 2565 970 2662 quaedam
992 2588 1015 2636 a
1037 2564 1123 2636 Deo
1145 2565 1370 2639 immediate

189 2699 352 2793 produci
387 2698 623 2790 debuerunt,
659 2696 841 2770 videlicet
876 2721 941 2790 ea,
977 2721 1077 2794 quae
1112 2721 1163 2770 ex
1191 2697 1371 2771 absoluta

189 2836 271 2928 ejus
310 2845 447 2905 natura
485 2835 708 2905 necessario
748 2843 972 2927 sequuntur,
1012 2830 1272 2905 mediantibus
1311 2831 1371 2905 his

189 2971 340 3061 primis,
376 2991 475 3063 quae
509 2980 641 3039 tamen
672 2969 754 3039 sine
784 2966 870 3038 Deo
898 2989 971 3038 nec
999 2989 1087 3038 esse
1114 2988 1187 3038 nec
1215 2967 1370 3059 concipi

190 3103 388 3197 possunt.”

239 3235 421 3308 Severius
461 3234 510 3307 de
549 3235 766 3307 boehmero
802 3234 947 3306 iudicat
981 3231 1113 3326 Land,
1148 3257 1236 3306 cum
1271 3233 1370 3306 illius

190 3372 415 3441 coniectura
463 3380 535 3461 „et
582 3368 804 3465 quaedam'‘
845 3370 1051 3440 inserentis
1090 3366 1140 3438 ad
1179 3389 1370 3440 summum

124 3549 127 3553 —
190 3526 450 3596 supervacua,
477 3513 517 3573 at
543 3503 607 3573 vix
635 3501 901 3594 „perperam”
925 3499 1029 3572 facta
1052 3499 1229 3572 vocanda
1251 3510 1368 3573 esset.

240 3635 356 3728 Quod
384 3637 522 3706 attinet
544 3634 595 3706 ad
617 3658 682 3726 ea,
707 3658 806 3730 quae
829 3633 879 3706 de
900 3634 1107 3706 verborum
1122 3634 1371 3706 connexione

94 3767 99 3775 '
190 3767 303 3840 affert
341 3768 472 3860 Land,
509 3780 744 3860 structurae,
781 3792 895 3864 quam
930 3767 1010 3840 vult
1045 3767 1109 3859 L,
1146 3767 1294 3839 scilicet
1328 3778 1372 3837 ut

190 3901 430 3974 antecedens
458 3925 508 3972 ex
535 3901 696 3974 relativo
725 3902 950 3995 suppleatur
975 3913 1014 3973 et
1036 3901 1193 3997 quidem
1215 3899 1371 3972 diverso

191 4059 301 4127 casu,
329 4059 417 4107 cum
444 4034 548 4128 apud
575 4034 640 4129 Sp.
669 4047 750 4107 tum
777 4035 881 4128 apud
909 4037 1083 4130 quemvis
1109 4034 1224 4106 alium
1252 4034 1371 4126 scrip-

191 4181 316 4240 torem
355 4168 536 4262 exempla
571 4171 751 4261 inveniri,
787 4192 918 4261 nem0,
954 4171 1103 4262 opinor,
1139 4170 1177 4239 in
1212 4167 1371 4239 dubium

191 4303 344 4372 vocavit
376 4324 449 4372 nec
482 4302 648 4374 vocabit.
683 4302 906 4374 Haeserunt
932 4305 1108 4374 nimirum
1136 4305 1373 4395 interpretes

192 4436 229 4504 in
264 4435 515 4529 ambiguitate
548 4435 642 4527 loci,
675 4436 739 4507 ubi
774 4438 811 4506 in
838 4447 1020 4530 promptu
1047 4447 1107 4508 est
1134 4435 1372 4528 coniungere
