3120 5070
234 1897 275 1968 ln
289 1896 583 1989 dissertatione,
605 1894 656 1967 ad
670 1918 785 1991 quam
800 1896 838 1965 in
851 1906 962 1988 parte
977 1897 1107 1989 priore
1122 1895 1278 1988 saepius
1291 1893 1369 1967 lec-

185 2042 311 2103 torem
325 2029 599 2124 relegavimus,
618 2027 668 2102 de
682 2027 916 2101 editionibus
930 2039 971 2100 et
985 2014 1176 2100 contextu
1189 2025 1368 2120 Ethicae,

185 2190 219 2237 v.
247 2163 293 2236 cl.
321 2162 434 2235 Land
460 2162 589 2258 paullo
616 2161 737 2236 fusius
764 2163 844 2258 egit
869 2160 919 2233 de
944 2159 1042 2254 fide,
1065 2184 1164 2256 quae
1188 2159 1369 2232 habenda

185 2309 247 2370 est
280 2296 494 2370 editoribus
529 2295 661 2393 primis
687 2298 726 2368 in
750 2294 914 2367 Ethicae
941 2306 982 2367 et
1008 2296 1164 2366 omnino
1193 2292 1369 2387 Operum

184 2430 483 2504 Posthumorum
518 2442 631 2503 textu
666 2428 953 2504 constituendo.
985 2427 1116 2501 Verba
1142 2440 1273 2500 autem
1299 2430 1370 2501 viri

185 2567 396 2638 acutissimi
424 2563 499 2636 huc
526 2563 609 2636 fere
635 2562 819 2636 redeunt:
855 2586 944 2635 cum
971 2564 1055 2656 ipse
1082 2573 1230 2654 auctor,
1258 2584 1369 2656 prae-

185 2709 337 2770 matura
364 2709 491 2770 morte
518 2697 723 2793 abreptus,
751 2696 936 2790 operibus
962 2698 1041 2770 suis
1067 2694 1231 2768 edendis
1258 2719 1369 2790 prae-

187 2854 274 2904 esse
300 2854 379 2903 non
405 2832 596 2926 potuerit,
624 2831 762 2902 mirum
789 2853 868 2903 non
894 2853 1001 2923 esse,
1024 2829 1130 2925 quod
1144 2831 1182 2900 in
1197 2829 1369 2902 editione

186 2963 235 3037 ab
274 2965 408 3036 amicis
447 2961 629 3035 confecta
667 2963 850 3037 nonnulla
889 2975 956 3035 aut
995 2963 1044 3037 ab
1083 2965 1169 3059 ipso
1208 2974 1369 3036 auctore

186 3097 454 3193 neglegentius
485 3119 695 3192 expressa,
722 3109 790 3170 aut
815 3097 864 3171 ab
891 3096 1107 3171 editoribus
1132 3097 1233 3170 male
1254 3097 1370 3201 intel-

185 3229 288 3303 lecta
321 3231 382 3303 vel
417 3230 620 3304 socordius
654 3243 864 3326 procurata
892 3230 1144 3325 exhibentur;
1172 3242 1370 3304 ettamen

185 3364 284 3437 hanc
317 3363 537 3438 socordiam
564 3364 830 3438 excusandam
856 3388 944 3438 esse
972 3389 1060 3436 cum
1087 3377 1250 3460 propter
1276 3364 1368 3438 Mss.

184 3521 321 3592 parum
343 3497 504 3570 nitidam
525 3497 798 3571 condicionem
812 3510 893 3570 tum
908 3498 959 3571 ob
973 3497 1167 3573 Editionis
1179 3498 1370 3594 Principis

185 3631 494 3725 festinationem,
529 3654 629 3727 quae
655 3634 756 3703 intra
782 3631 968 3724 eundem,
997 3655 1073 3727 quo
1101 3631 1263 3705 obiisset
1288 3630 1369 3726 phi-

184 3765 389 3861 losophus,
429 3789 571 3838 annum
609 3767 647 3836 in
681 3765 807 3839 lucem
834 3766 1033 3860 prodierit.
1063 3765 1174 3859 Quae
1201 3789 1290 3838 cum
1314 3767 1369 3836 ita

186 3901 280 3991 sint,
316 3898 510 3971 interdum
539 3900 774 3972 coniecturis
801 3899 930 3971 locum
956 3922 1044 3972 esse
1071 3898 1122 3971 ad
1149 3897 1369 3993 indaganda

185 4043 226 4104 et
261 4031 434 4104 eruenda
464 4056 531 4125 ea,
559 4055 659 4128 quae
686 4035 770 4126 ipse
796 4044 944 4126 auctor,
973 4034 1004 4106 si
1031 4031 1111 4104 fata
1136 4031 1367 4124 voluissent,

185 4163 360 4236 editurus
387 4163 534 4275 fuisset.

234 4297 344 4369 Haec
375 4324 409 4370 v.
437 4298 483 4370 cl.
511 4297 643 4391 Land,
671 4300 753 4394 qui,
782 4321 882 4394 quae
910 4300 1147 4393 argumentis
1173 4321 1369 4370 commen-

184 4428 361 4525 daverat,
389 4431 644 4526 reprobavit,
667 4431 895 4527 florilegium
917 4431 1154 4505 subnectens
1175 4431 1367 4523 locorum,
