3120 5070
17 2478 28 2563 ‘'u-a
17 2424 28 2452 ,-·
20 2325 27 2389 --ν
19 2243 27 2267 o-
19 2181 26 2203 ⁸-

17 2622 29 2745 ἒ

15 2758 29 2838 2

15 2890 29 2951 l

15 2964 29 3025 i

11 3072 30 3170 vl

11 3169 30 3203 'l'

11 3212 30 3332 r

12 3664 30 3684 2*
11 3484 31 3646 522³?ss
25 3455 29 3461 .

850 468 898 538 26

278 700 498 761 mercatura
532 711 602 761 seu
632 688 833 784 aiicupiiim
860 689 990 782 potius
1017 710 1131 783 quam
1152 689 1276 782 gratia
1297 687 1466 782 plerum-

280 845 355 919 que
395 822 497 915 est'',
537 822 603 894 ubi
642 845 720 895 vox
756 821 818 893 illa
853 824 947 895 satis
983 845 1069 894 rara
1095 833 1358 894 transversum
1386 822 1468 916 egit

280 957 533 1050 interpretem
568 956 775 1049 Batavum,
813 954 863 1027 de
890 978 966 1051 qua
993 978 1034 1027 re
1062 954 1111 1028 cl.
1138 953 1251 1026 Land
1277 953 1338 1026 l.l.
1360 958 1396 1049 p.
1423 955 1464 1047 83

280 1113 398 1184 porro
436 1089 523 1161 Eth.
563 1089 625 1183 IV,
664 1106 720 1182 57,
757 1089 894 1162 schol:
935 1101 1005 1182 „et
1031 1112 1166 1161 eorum
1192 1085 1466 1160 tantummodo

281 1225 503 1316 praesentia
530 1222 736 1316 delectari,
765 1225 829 1319 qui
857 1226 985 1296 animo
1000 1226 1083 1295 eius
1098 1223 1302 1317 impotenti
1315 1243 1465 1292 morem

280 1367 421 1450 gerunt
443 1367 483 1427 et
501 1382 548 1427 ex
569 1357 685 1429 stulto
707 1357 884 1429 insanum
898 1357 1101 1453 saciunt’‘;
1117 1355 1284 1451 denique
1298 1353 1386 1426 Eth.
1401 1353 1464 1446 IV,

282 1512 370 1583 app.
407 1508 472 1582 25:
507 1492 601 1586 „qui
633 1489 802 1586 reliquos
829 1489 990 1563 consilio
1018 1502 1085 1562 aut
1110 1513 1152 1562 re
1179 1492 1310 1562 iuvare
1338 1489 1465 1582 cupit,

282 1633 325 1693 ut
351 1622 461 1695 simul
489 1647 638 1696 summo
666 1623 841 1695 fruantur
866 1624 991 1716 bon0,
1018 1626 1051 1696 is
1077 1625 1251 1717 apprime
1273 1620 1465 1714 studebit,

283 1777 417 1826 eorum
445 1756 516 1828 sibi
542 1780 716 1829 amorem
743 1757 970 1849 cdnciliare,
998 1781 1077 1830 non
1099 1767 1229 1828 autem
1250 1778 1320 1827 eos
1341 1757 1379 1825 in
1399 1752 1468 1825 ad-

283 1889 526 1961 mirationem
565 1889 783 1983 traducere,
823 1902 866 1962 ut
905 1890 1107 1987 disciplina
1144 1914 1191 1961 ex
1228 1889 1304 1984 ipso
1336 1887 1470 1959 lubeat

283 2023 537 2115 uocabiilicm,’'
571 2025 603 2118 1)
651 2022 807 2095 celeber
845 2022 907 2094 ille
946 2023 1073 2116 locus,
1111 2046 1226 2119 quem
1253 2021 1466 2093 attulerunt

284 2155 456 2230 editores
486 2156 679 2231 Editionis
711 2157 900 2252 Principis
927 2157 1066 2253 aliique
1093 2155 1144 2228 ad
1171 2153 1468 2250 explicandum,

285 2312 353 2360 cur
380 2301 517 2362 auctor
542 2313 685 2362 nomen
712 2316 822 2363 suum
849 2293 959 2385 operi
984 2290 1145 2385 praefigi
1172 2272 1348 2361 noluerit.

334 2421 539 2496 Postremo
569 2427 710 2496 citetur
737 2424 865 2517 locUS,
894 2426 958 2520 qui
985 2423 1124 2519 legitur
1150 2423 1292 2495 Heaut.
1319 2424 1410 2512 961:

372 2602 463 2678 „Ubi
490 2611 523 2665 te
557 2603 624 2666 vidi
648 2604 761 2666 animo
784 2623 855 2666 esse
879 2604 1003 2665 omisso
1027 2612 1061 2666 et
1085 2603 1200 2665 suavia
1222 2603 1256 2664 in
1279 2601 1468 2684 praesentia

372 2715 468 2799 Quae
503 2727 630 2796 essent,
667 2719 776 2801 prima
806 2718 930 2780 habere
961 2738 1070 2800 neque
1103 2717 1276 2780 consulere
1306 2719 1339 2780 in
1363 2717 1472 2798 longi·

1054 2821 1204 2896 tudinem
1214 2833 1246 2897 '’.
1271 2842 1422 2916 etqseqq.

286 3015 351 3088 Ad
377 3039 492 3113 quem
519 3014 698 3088 alluditur
724 3015 812 3088 Eth.
839 3015 900 3109 IV,
933 3019 992 3109 16,
1020 3040 1152 3110 prop.:
1182 3039 1340 3109 „rerum
1360 3017 1468 3110 cupi-

286 3149 426 3243 ditate,
473 3173 572 3246 quae
616 3153 654 3221 in
698 3153 922 3245 praesentia
964 3174 1103 3223 suaves
1142 3162 1250 3243 sunt,
1291 3151 1468 3222 coerceri

286 3285 459 3377 potest'';
501 3286 642 3380 quique
668 3287 761 3379 ipsis
787 3285 915 3358 verbis
942 3284 1146 3357 adhibetur
1173 3283 1260 3356 Eth.
1287 3283 1349 3377 IV,
1377 3306 1465 3378 app.

286 3436 352 3508 30:
393 3417 472 3510 „ad
507 3417 613 3514 quod
647 3418 819 3510 accedit,
856 3417 961 3514 quod
988 3441 1039 3490 ex
1066 3417 1210 3490 affectu
1236 3417 1275 3489 id
1302 3420 1466 3512 primum

286 3551 514 3644 habeamus,
543 3553 648 3648 quod
675 3555 714 3623 in
739 3555 936 3648 praesenti
963 3576 1082 3625 suave
1109 3554 1212 3646 est'',
1236 3556 1289 3625 ita
1311 3566 1353 3626 ut
1376 3576 1469 3625 con-

286 3684 452 3758 fidenter
477 3689 515 3757 in
541 3686 676 3760 ultimo
703 3688 790 3759 loco
819 3688 1158 3783 „inpraesentia”
1187 3691 1380 3760 restituas,

334 3818 418 3891 Nec
446 3819 588 3893 desunt
613 3823 773 3894 minora.
801 3821 866 3894 Sic
888 3821 976 3894 Eth.
999 3821 1061 3916 IV,
1087 3840 1150 3914 54,
1175 3821 1293 3894 schol.
1318 3823 1356 3892 in
1378 3820 1468 3891 loco

287 3953 386 4026 male
425 3953 576 4026 habito:
618 3979 738 4048 „nam
777 3958 809 4028 si
847 3955 1024 4029 homines
1063 3959 1191 4028 animo
1230 3958 1470 4051 impotentes

287 4065 412 4183 aeque
447 4111 583 4160 omnes
610 4089 874 4183 superbirent,
903 4089 1040 4162 nullius
1067 4092 1123 4162 rei
1149 4092 1255 4185 ipsos
1282 4087 1467 4182 puderet,

325 4338 353 4408 ι)
376 4336 422 4394 Cf.
449 4336 540 4394 etiam
561 4338 664 4396 Tract.
687 4339 751 4396 Pol.
775 4338 864 4408 VIII,
887 4357 921 4413 3:
945 4336 1014 4410 „ita
1035 4348 1067 4396 ut
1088 4337 1195 4396 civitas
1218 4336 1282 4396 sive
1301 4333 1474 4413 respublica

281 4450 321 4491 ex
344 4435 450 4492 eadem
473 4435 583 4493 habeat
604 4436 787 4493 vocabulum
797 4435 823 4495 ’'.
