3120 5070
772 491 793 561 8

186 723 259 804 tur,
281 711 441 804 idioma,
464 711 666 785 Ciceronis
687 711 836 785 scilicet
856 725 897 786 et
912 714 1103 789 Caesaris.
1120 716 1208 810 Quo
1224 714 1368 786 factum

186 855 262 936 est,
294 856 336 916 ut
362 846 506 939 passim
534 844 638 938 apud
665 868 753 917 eum
780 858 989 919 occurrant
1015 871 1153 941 voces,
1182 870 1282 942 quae
1308 845 1368 918 vel

185 975 352 1049 florente
390 977 587 1049 literarum
619 987 750 1050 aetate
784 980 823 1048 in
849 977 1149 1052 desuetudinem
1177 980 1367 1072 abierant,

185 1110 247 1182 vel
274 1110 556 1183 recentioribus
583 1109 739 1182 demum
766 1111 1007 1205 temporibus
1034 1116 1288 1206 exstiterunt,
1316 1115 1369 1184 ita

185 1254 228 1314 ut
261 1245 345 1316 eius
379 1245 503 1315 oratio
530 1245 654 1315 variet
681 1255 720 1315 et
748 1246 857 1338 quasi
883 1245 1038 1318 vacillet
1064 1246 1154 1319 inde
1182 1270 1204 1319 a
1232 1249 1369 1340 priscis

186 1375 337 1448 Latinis
356 1376 595 1469 auctoribus,
616 1376 794 1449 Plautum
814 1388 909 1472 puta
923 1390 963 1451 et
978 1377 1223 1474 Terentium,
1244 1402 1368 1475 usque

157 1599 160 1604 ι
186 1507 237 1580 ad
272 1510 522 1602 novissimos,
555 1508 692 1583 Patres
718 1509 999 1604 Ecclesiastas‚
1026 1511 1121 1585 luris
1148 1510 1368 1585 Consultos.

235 1641 366 1714 Pauca
405 1641 633 1739 subiungam
668 1642 860 1738 exempla.
897 1643 983 1737 Sic,
1020 1644 1125 1739 quod
1152 1647 1292 1717 attinet
1318 1643 1368 1716 ad

188 1778 390 1870 syntaxin‚
423 1778 644 1849 recentiora
669 1787 849 1871 tempora
874 1778 1103 1873 plerumque
1131 1801 1259 1850 sermo
1286 1780 1369 1850 eius

187 1908 359 2003 redolet,
388 1911 452 2005 qui
479 1912 804 2005 interrogationes
832 1910 1027 2004 simplices
1054 1934 1125 2005 per
1151 1936 1202 1982 an
1229 1909 1369 1983 efferre

186 2053 291 2114 amat
306 2050 317 2137 3'
355 2045 419 2137 qui
455 2042 664 2114 ablativum
697 2043 874 2138 gerundii
909 2044 997 2117 loco
1030 2045 1223 2139 participii
1254 2043 1370 2115 Prae-

186 2178 307 2248 sentis
347 2175 522 2270 adhibet;
559 2177 623 2270 qui
663 2179 877 2251 sententias
913 2201 985 2272 per
1020 2177 1116 2274 quod
1138 2179 1272 2273 incipit
1298 2200 1369 2270 pro

185 2306 282 2380 Acc.
318 2333 351 2381 c.
386 2308 453 2381 lnf.
487 2308 538 2405 1),
575 2312 640 2405 qui
674 2310 861 2406 „longum
897 2311 1030 2405 suerit,
1057 2312 1194 2384 melius
1221 2290 1369 2402 esset’';

188 2443 252 2535 qui
293 2467 402 2538 quam
442 2466 530 2514 cum
568 2443 740 2516 Positivo
779 2446 818 2514 in
856 2447 1077 2537 sententiis,
1115 2444 1248 2540 quales
1282 2454 1371 2516 sunt

190 2596 337 2667 „quam
379 2575 551 2648 breviter
584 2577 756 2670 poter0''
793 2590 833 2649 et
867 2577 950 2651 aliis
985 2577 1162 2671 exhibet,
1202 2576 1370 2671 denique

186 2709 269 2803 qui,
298 2711 455 2783 serioris
481 2709 703 2784 Latinitatis
729 2710 958 2805 gliscentem
986 2710 1232 2783 Coniunctivi
1258 2733 1369 2782 usum

90 2916 99 2933 ,
187 2843 376 2936 imitatus,
417 2843 499 2916 lere
538 2843 681 2939 ubique
721 2846 934 2918 sententias
968 2867 1040 2937 per
1074 2844 1176 2916 hunc
1210 2842 1369 2915 modum

187 2973 320 3068 effert,
354 3001 431 3072 quo
458 2976 604 3049 factum
631 2988 707 3070 est,
734 2988 778 3049 ut
804 3000 939 3050 omnes
967 2976 1187 3050 subtiliores
1213 2976 1370 3049 distinc-

185 3110 314 3182 tiones
336 3109 576 3182 tollerentur.
601 3109 666 3183 Sic
689 3122 779 3205 post
802 3113 1100 3184 coniunctiones
1121 3109 1369 3205 temporales,

189 3242 322 3337 quales
351 3256 440 3316 sunt
467 3253 665 3340 antequam
692 3243 753 3317 vel
780 3242 905 3336 donec,
934 3247 1016 3317 sine
1043 3243 1120 3316 ullo
1148 3242 1369 3317 discrimine

188 3371 421 3450 lndicativus
463 3377 524 3450 vel
563 3377 844 3450 Coniunctivus
884 3379 1073 3470 occurrit;
1112 3387 1203 3471 post
1240 3377 1278 3448 si
1314 3375 1368 3471 2),

225 3683 253 3754 1)
284 3681 390 3739 Altera
410 3697 518 3754 causa,
539 3697 593 3737 cur
613 3680 689 3737 Acc.
711 3697 737 3737 c.
759 3679 821 3736 Ins.
843 3677 986 3739 vitaverit
1007 3689 1124 3753 noster,
1153 3677 1375 3755 perspicuitatis
1422 3737 1423 3740 ,

182 3778 317 3837 studium
338 3777 429 3837 fuisse
449 3776 584 3850 videtur,
606 3785 639 3835 ut
660 3775 752 3836 etiam
773 3775 804 3835 in
826 3775 963 3836 ablativo
984 3778 1141 3852 absoluto,
1163 3776 1298 3852 quinon
1316 3775 1374 3834 nisi

182 3876 332 3936 rarissime
352 3873 514 3936 invenitur.

226 3974 256 4050 2)
288 3974 484 4047 Notandum,
510 3973 594 4048 quod
622 3973 764 4045 modum,
787 3989 879 4047 quem
901 3971 1039 4031 irrealem
1062 3981 1190 4045 vocant,
1212 3971 1284 4030 satis
1305 3971 1375 4030 dili-

182 4081 289 4149 genter
329 4070 503 4132 observavit
543 4070 611 4146 Sp.,
653 4069 734 4140 unde
775 4071 810 4127 L.
847 4068 975 4128 feliciter
1012 4078 1128 4129 textum
1160 4071 1255 4129 semel
1284 4078 1375 4146 atque

182 4170 292 4230 iterum
313 4169 468 4228 restituere
485 4166 631 4244 potuerit;
654 4167 691 4227 cf.
713 4186 759 4227 ex.
781 4186 825 4244 gr.
847 4169 916 4227 Eth.
938 4169 994 4242 IV,
1016 4188 1055 4241 4,
1073 4168 1162 4241 dem3
1183 4168 1286 4227 Tract.
1309 4168 1376 4225 Pol.

184 4269 275 4340 VIII,
299 4288 353 4344 21,
380 4275 411 4327 et
431 4284 509 4342 quae
529 4285 620 4342 supra
640 4285 709 4342 pag.
734 4285 748 4323 2
771 4264 995 4325 annotavimus
1008 4265 1239 4324 Tantummodo
1250 4283 1375 4324 monen-

183 4366 273 4438 dum,
295 4365 379 4442 quod
399 4373 467 4440 post
487 4362 620 4439 protasin
637 4363 776 4422 irrealem
793 4361 826 4421 in
844 4363 972 4439 apodosi
989 4381 1222 4438 nonnumquam
1240 4363 1374 4422 futurum

184 4472 303 4540 tempus
323 4462 446 4522 insolite
466 4460 613 4535 occurrit,
635 4461 672 4521 cl.
695 4463 764 4520 Eth.
786 4462 816 4534 Ι,
842 4479 893 4535 13,
915 4460 1003 4520 dem:
1026 4460 1077 4535 „si
1088 4459 1376 4519 esset-dividere·
