3120 5070
843 436 886 505 16

272 654 441 749 denique
483 658 547 749 qui
587 656 716 751 digitis
757 667 797 728 et
836 655 992 728 auribus
1027 654 1214 729 callentes
1242 657 1460 728 sententias

271 789 462 859 concinne
489 789 700 881 instruere,
722 788 977 883 aequabiliter
994 786 1233 882 producere,
1254 800 1459 882 postremo

166 982 168 986 .
270 918 387 991 finem
413 943 620 995 numerose
648 920 856 994 cadentem
881 924 1083 1016 imponere
1105 920 1385 1015 perdidicerint
1409 922 1456 1019 1).

319 1051 450 1148 Atque
465 1055 546 1149 hic,
568 1055 707 1148 cred0,
729 1055 839 1129 locus
853 1067 930 1148 est,
958 1055 1023 1127 ubi
1038 1053 1087 1127 de
1107 1054 1329 1149 disciplina,
1355 1078 1457 1150 quae

270 1187 308 1257 in
342 1187 482 1261 talibus
515 1189 749 1283 permultum
784 1189 913 1263 valere
949 1189 1067 1281 solet,
1101 1189 1274 1261 breviter
1308 1191 1458 1262 mentio

268 1319 346 1392 fiat.
375 1319 588 1416 Disciplina
615 1325 717 1395 enim
744 1334 785 1394 et
811 1324 1001 1395 institutio
1028 1345 1116 1394 cum
1134 1323 1172 1393 in
1194 1320 1459 1416 comparanda

270 1454 478 1527 verborum
524 1457 639 1549 copia
687 1468 727 1528 et
767 1457 806 1527 in
829 1453 1119 1528 constituenda
1158 1465 1199 1526 et
1239 1453 1459 1549 supplenda

271 1586 334 1658 illa
359 1587 591 1681 Latinitate,
619 1587 668 1661 de
695 1589 834 1685 quibus
861 1613 977 1684 supra
1005 1590 1173 1684 egimus,
1204 1610 1319 1682 quam
1341 1587 1459 1682 pluri-

273 1744 377 1792 mum
410 1720 588 1795 effecisse
616 1721 876 1794 existimanda
903 1734 982 1815 est,
1009 1733 1092 1794 tum
1127 1720 1178 1793 ad
1204 1718 1458 1793 excitandam

274 1866 314 1926 et
335 1854 642 1948 promovendam
663 1879 793 1927 curam
814 1854 915 1927 illam
936 1866 976 1928 et
997 1853 1166 1929 studium
1184 1877 1297 1948 pure,
1317 1852 1458 1946 nitide,

273 1986 473 2082 eleganter
493 1988 699 2062 scribendi.
714 1989 852 2085 Neque
866 1988 1046 2081 multum,
1070 1999 1185 2082 put0,
1201 1989 1409 2080 erraveris,
1424 1989 1458 2060 si

273 2143 550 2215 nonnunquam
590 2120 696 2216 apud
743 2134 919 2195 nostrum
965 2123 1186 2215 amicosque
1227 2122 1310 2193 eius
1349 2121 1460 2214 ipsos

271 2251 473 2348 flosculoS,
507 2278 605 2350 quos
632 2254 782 2328 illorum
809 2266 1031 2349 temporum
1059 2255 1232 2348 magistri
1259 2251 1460 2347 discipulis

273 2385 468 2458 inculcare
509 2388 701 2480 solebant,
738 2390 822 2482 ipsa
849 2389 1131 2460 sententiarum
1158 2396 1388 2458 ornamenta
1415 2397 1456 2458 et

273 2519 623 2614 conformationes,
658 2523 764 2616 ipsos
791 2522 959 2616 denique
986 2520 1096 2593 locos
1123 2543 1174 2591 ex
1201 2519 1459 2613 scriptoribus

272 2654 436 2745 petitos,
477 2677 575 2748 quos
609 2654 741 2726 schola
776 2676 1004 2726 communes
1039 2650 1281 2745 reddiderat,
1318 2651 1458 2746 depre-

272 2783 444 2857 hendere
480 2797 520 2857 et
554 2808 770 2880 agnoscere
805 2786 874 2857 tibi
900 2785 1078 2858 videaris.
1107 2785 1194 2858 Stet
1222 2788 1336 2881 igitur
1362 2786 1459 2859 ludo

272 2917 442 2990 literario
481 2920 633 3013 integra
672 2943 741 2992 sua
774 2921 899 3014 gratia
938 2919 1159 3014 honorque,
1188 2920 1370 3014 quoniam
1397 2931 1458 2991 sat

272 3049 392 3122 multa
424 3073 475 3122 ex
507 3052 568 3143 iis,
596 3074 696 3146 quae
721 3075 837 3146 supra
859 3053 1188 3144 enumeravimus,
1216 3049 1460 3123 laudavimus

273 3205 443 3278 quoque,
470 3196 667 3280 tamquam
694 3185 865 3281 legitima
885 3210 976 3281 pars
998 3184 1049 3258 ad
1064 3184 1236 3258 scholam
1251 3182 1461 3256 reserenda

272 3338 359 3388 esse
387 3329 589 3411 apparent.

310 3618 338 3690 1)
360 3620 508 3696 Exempla
530 3619 697 3696 exquisitae
718 3621 766 3679 vel
789 3618 880 3680 etiam
901 3619 1036 3696 optimae
1055 3617 1228 3678 Latinitatis
1241 3638 1278 3678 ex
1288 3617 1465 3696 philosophi

265 3714 406 3790 operibus
427 3718 574 3793 proferre,
597 3729 627 3778 et
646 3717 787 3777 odiosum
809 3728 853 3776 est
874 3737 973 3794 neque
994 3736 1070 3794 opus
1091 3736 1154 3776 esse
1175 3717 1308 3777 confido.

305 3812 412 3872 Liceat
442 3822 560 3874 tantum
588 3835 682 3875 unam
711 3825 741 3875 et
761 3817 888 3875 alteram
910 3834 1019 3875 vocem
1039 3823 1160 3888 notare,
1182 3832 1274 3889 quam
1296 3812 1467 3874 rectissime

265 3908 407 3969 adhibuit
424 3921 535 3987 noster,
551 3913 636 3972 cuius
647 3922 750 3973 tamen
761 3932 831 3972 usus
843 3915 891 3973 vel
902 3914 1005 3990 paullo
1016 3910 1156 3970 subtilior
1166 3911 1347 3988 significatio
1358 3911 1466 3972 nescio

264 4025 304 4065 an
332 4009 415 4068 hunc
435 4009 561 4069 illumve
582 4008 782 4087 interpretum
803 4011 949 4088 effugerit.
972 4012 1027 4068 Ex.
1051 4028 1095 4086 gr.
1112 4009 1215 4069 fabula
1232 4012 1278 4084 (=
1288 4008 1466 4088 comoedia)

265 4104 304 4163 de
330 4104 385 4166 int.
406 4125 463 4164 em.
488 4109 542 4180 82,
565 4109 635 4168 Eth.
656 4109 711 4182 IV,
734 4127 772 4183 39
796 4109 907 4182 schol.;
929 4127 1069 4185 pascere,
1092 4107 1131 4165 de
1151 4106 1206 4165 int.
1228 4126 1286 4166 em.
1312 4127 1347 4164 10
1355 4127 1363 4180 3
1384 4107 1467 4166 adeo

266 4201 314 4280 (=
338 4203 440 4283 valde)
469 4205 539 4264 Eth.
567 4207 630 4280 ΙΙΙ,
661 4209 697 4264 18
727 4206 823 4264 schol.
855 4225 887 4279 13
915 4207 965 4265 lex
991 4207 1038 4285 (=
1060 4203 1217 4283 condicio)
1239 4205 1309 4263 Eth.
1329 4205 1385 4278 ΙΙΙ,
1408 4223 1447 4280 39
1454 4225 1466 4279 3

266 4299 365 4359 minus
386 4320 441 4377 per
460 4301 567 4361 litoten
588 4322 644 4379 pro
666 4322 745 4378 non,
768 4304 837 4364 Eth.
849 4305 904 4377 IV,
916 4305 1009 4380 praef.
1014 4324 1023 4378 3
1042 4304 1174 4380 gaudere
1186 4306 1231 4378 (=
1246 4301 1315 4376 frui)
1327 4303 1397 4363 Eth.
1408 4303 1467 4376 111,

267 4415 319 4471 32,
342 4400 381 4471 V,
404 4414 441 4474 35
464 4408 493 4458 et
514 4419 562 4472 42.
583 4403 684 4462 Tract.
706 4402 771 4466 Pol.
793 4403 854 4475 VI,
878 4421 931 4477 29,
952 4403 1015 4475 IX,
1039 4421 1076 4459 10
1097 4410 1126 4460 et
1149 4419 1195 4476 13.
