3120 5070
752 480 799 552 74

184 682 247 778 (cs.
276 685 424 754 initium
451 683 795 757 demonstrationis
822 685 1039 779 sequentis,
1067 682 1131 754 ubi
1158 681 1255 753 haec
1279 685 1362 776 ipsa

183 816 302 889 verba
340 817 584 912 repetuntur)
624 828 664 889 et
703 817 858 890 disertis
895 816 1024 888 verbis
1063 818 1286 910 agnoscitur
1325 819 1363 887 in

183 949 249 1021 Vs.
285 949 345 1020 B.:
383 947 491 1041 „Van
527 948 593 1021 het
627 972 747 1044 geen,
776 950 802 1021 't
830 949 930 1021 welk
956 973 1030 1021 aan
1057 950 1084 1019 't
1110 948 1363 1044 menschelijk

184 1081 366 1177 lighaam,
403 1105 453 1153 en
487 1106 561 1155 aan
596 1085 708 1178 enige
743 1082 887 1154 andere
915 1082 1122 1178 uitterlijke
1150 1082 1362 1176 lighamen,

183 1237 258 1285 van
296 1214 345 1286 de
380 1214 531 1286 welken
564 1214 630 1286 het
665 1214 917 1309 menschelijk
942 1214 1106 1308 lighaam
1133 1214 1363 1308 aangedaan

184 1347 311 1439 word,
338 1371 504 1443 gemeen
531 1372 580 1420 en
601 1351 714 1444 eigen
736 1351 786 1440 is,
811 1350 838 1420 't
860 1348 960 1420 well<
982 1372 1027 1420 zo
1051 1348 1122 1418 wel
1146 1351 1184 1417 in
1207 1349 1234 1419 't
1257 1347 1363 1439 deel,

184 1479 240 1551 als
266 1482 304 1550 in
332 1479 358 1551 ’t
384 1480 521 1575 geheel
548 1505 622 1553 van
648 1481 745 1575 yder
773 1481 890 1553 dezer
916 1480 1107 1576 lighamen
1133 1484 1183 1572 is,
1205 1481 1261 1552 zal
1285 1481 1364 1553 ook

184 1635 258 1684 een
285 1616 504 1708 evenmatig
532 1614 744 1687 denkbeelt
770 1617 808 1684 in
835 1613 885 1686 de
912 1613 983 1685 ziel
1009 1615 1177 1698 wezenJ'

234 1879 323 1951 ibid.
346 1897 413 1972 40,
437 1879 555 1952 schol.
583 1903 612 1951 1:
637 1879 727 1972 „Ex
748 1879 932 1952 similibus
954 1879 1096 1952 deinde
1112 1883 1239 1952 causis
1254 1892 1363 1953 ortae

185 2024 274 2085 sunt
287 2015 468 2085 notiones
482 2013 587 2105 illae,
611 2037 707 2110 quas
725 2012 962 2085 Um'versaler
975 2025 1134 2105 vocant,
1159 2025 1201 2084 ut
1214 2013 1363 2105 Homo,

183 2146 335 2242 Equus,
365 2145 482 2219 Canis
508 2158 583 2218 etc.
611 2147 805 2220 Videlicet
822 2205 953 2218 ......
976 2146 1158 2219 distincte
1181 2128 1364 2241 imagine-

184 2293 264 2372 tur,
292 2305 380 2352 nam
408 2281 456 2353 ab
484 2304 531 2353 eo
560 2280 732 2375 Corpus,
760 2283 926 2353 maxime
950 2281 1098 2353 seilicet
1119 2280 1168 2353 ab
1190 2304 1364 2376 unoquo-

184 2437 260 2508 que
287 2414 484 2509 singulari,
511 2413 695 2486 affectum
722 2413 828 2486 fuit.’'

234 2547 477 2621 Sententiam
499 2551 591 2621 satis
612 2547 771 2665 longam
785 2560 825 2620 et
839 2547 1034 2620 difficilem
1048 2548 1149 2621 ultro
1164 2548 1364 2642 impedivit

184 2680 256 2753 Ed.
283 2681 361 2772 Pr,
382 2660 503 2775 prave
527 2705 597 2775 per
619 2681 866 2774 „Videlicet”
890 2706 1030 2755 novam
1052 2684 1257 2754 instituens
1279 2705 1365 2754 sen-

184 2817 357 2886 tentiam.
386 2814 445 2886 De
468 2840 544 2911 quo
560 2818 739 2888 vitiorum
754 2839 900 2910 genere
915 2814 982 2908 cl,
998 2839 1097 2912 quae
1112 2840 1177 2910 pp.
1193 2837 1238 2907 43
1256 2839 1363 2911 seqq.

185 2947 446 3020 disseruimus.

233 3079 376 3153 Ultima
403 3083 457 3153 sic
485 3080 776 3176 distinguenda:
807 3108 928 3175 „nam
955 3084 1003 3156 ab
1030 3107 1078 3156 eo
1106 3083 1259 3177 Corpus
1286 3107 1364 3154 ma·

183 3217 302 3305 xime,
331 3214 479 3287 scilicet
505 3215 554 3287 ab
576 3240 813 3311 unoquoque
835 3217 1036 3311 singulari,
1060 3215 1244 3288 affectum
1258 3216 1364 3288 fuit.”

186 3347 345 3442 Optime
372 3348 438 3420 Vs.
466 3349 526 3420 B.:
556 3349 719 3442 „Want,
747 3349 869 3446 dewijl
896 3350 952 3421 dit
978 3350 1177 3443 van-yder
1203 3347 1364 3421 mensch

184 3481 388 3576 geschied,
416 3507 462 3555 zo
488 3481 597 3555 word
618 3482 684 3555 het
704 3482 869 3577 lighaam
892 3482 985 3554 daar
1007 3483 1050 3555 as
1067 3507 1118 3578 op
1141 3483 1207 3554 het
1229 3481 1364 3555 krach-

184 3618 300 3710 tigste
323 3614 585 3710 aangedaan.'’
608 3616 818 3688 Praeterea
841 3615 888 3688 cf.
912 3615 1029 3688 Stern
1051 3616 1101 3689 ad
1121 3617 1222 3721 hunc
1236 3615 1364 3688 locum

185 3760 225 3819 et
253 3747 438 3821 Camerer
466 3752 503 3820 in
530 3749 626 3822 libro
652 3748 725 3822 Die
752 3748 881 3821 Lehre
910 3748 1110 3843 Spinoza's
1136 3773 1173 3844 p.
1201 3751 1258 3836 84.

234 4014 388 4086 ibidem.
403 4033 471 4106 40,
496 4015 614 4088 schol.
635 4038 663 4086 1:
686 4015 913 4107 „hominem
928 4039 1016 4088 esse
1031 4016 1170 4088 animal
1185 4017 1362 4090 risibile.''

235 4147 375 4219 Merito
416 4145 533 4218 Stern
564 4147 734 4220 traducit
769 4147 1090 4241 Kirchmannum,
1127 4161 1264 4243 utpote
1301 4151 1364 4246 qui

186 4279 390 4370 „risibile”
419 4303 489 4373 per
517 4281 779 4372 „ridiculum”
807 4284 1084 4375 interpretatus
1112 4285 1171 4354 sit.

226 4399 383 4484 'Tamen
412 4426 451 4485 et
477 4415 560 4507 ipse
585 4417 727 4486 erravit
746 4418 784 4486 in
799 4438 867 4508 e0,
890 4416 995 4511 quod
1010 4416 1212 4488 contendit
1225 4439 1364 4489 vocem
