3120 5070
760 470 804 560 85

190 689 467 782 attendissent,
494 713 708 786 nunquam,
738 701 780 762 rit
800 717 848 763 ex
870 717 956 763 mox
978 691 1141 765 dicendis
1159 696 1367 791 apparebit,

189 836 268 897 tam
294 826 440 919 ingenti
468 822 735 897 difficultatum
758 825 871 897 turba
893 826 1021 898 obruti
1035 825 1232 899 luissent.'’
1247 828 1369 902 Porro

190 957 272 1051 „Et
299 983 366 1053 quo
382 958 549 1054 facilius
573 959 656 1030 baec
666 959 763 1054 fieri
771 960 936 1055 possint,
956 961 1061 1053 prius
1085 960 1181 1032 haec
1204 973 1369 1056 quatuor

189 1095 323 1187 paucis
345 1092 577 1186 exponam.’'
599 1091 777 1190 Denique
792 1096 830 1164 in
843 1093 919 1165 fine
934 1093 1140 1188 epistulae:
1165 1098 1366 1189 „reperi0,

190 1225 293 1320 longe
313 1225 427 1297 aliter
447 1225 567 1297 eadem
588 1235 696 1298 sonat
704 1283 713 1316 ,
736 1225 1027 1322 picandoqui'u'em
1051 1227 1116 1299 ille
1128 1228 1363 1324 sicprobat,''

189 1381 262 1430 nee
298 1383 395 1431 non:
433 1380 486 1450 „a
513 1381 555 1429 re
584 1382 652 1430 sua
678 1371 816 1430 natura
842 1362 1064 1432 necessario
1092 1362 1305 1453 existente,
1333 1371 1367 1433 et

190 1516 280 1586 quae
325 1516 455 1583 causa,
502 1515 614 1585 neque
654 1500 808 1563 cozcsata
845 1493 931 1564 sz't.’'
971 1492 1176 1565 Postremo
1216 1493 1365 1588 datum,

188 1625 293 1722 quod
319 1636 491 1716 vocatur,
521 1627 559 1695 in
586 1624 667 1697 sola
693 1624 758 1697 Vs.
786 1625 826 1696 B.
854 1628 1035 1698 occurrit.

238 1757 386 1831 Contra
425 1756 697 1830 desiderantur
730 1760 768 1828 in
802 1757 868 1830 Vs.
904 1758 944 1830 B.
980 1759 1096 1831 haee:
1126 1761 1366 1852 „ostendere

182 1892 393 1989 philosophi
425 1890 539 1986 vulgo
566 1890 809 1983 moliuntur,''
837 1891 980 1964 deinde
1008 1893 1286 1987 „Peripatetici
1314 1921 1366 1967 re-

188 2025 402 2117 centiores,”
430 2047 503 2096 nec
530 2048 609 2095 non
629 2035 712 2096 tota
734 2024 796 2097 illa
817 2024 950 2097 ultima
973 2029 1166 2098 sententia
1194 2025 1365 2118 „Quaeso

189 2159 331 2254 itaque,
357 2159 395 2229 si
407 2158 505 2254 fieri
522 2157 674 2253 potest.''
703 2169 879 2254 etqseqq.

236 2291 368 2387 ltaque
396 2303 435 2364 et
461 2290 522 2363 hie
546 2293 787 2385 potissimum
809 2294 979 2365 conicias
999 2293 1066 2365 Vs.
1085 2293 1125 2364 Β.
1148 2306 1188 2366 et
1210 2293 1281 2365 Ed.
1302 2294 1363 2366 Pr.

188 2448 297 2496 suum
324 2447 517 2521 quemque
549 2424 770 2519 exemplum
793 2423 903 2496 huius
918 2426 1107 2519 epistulae
1122 2426 1361 2519 adhibuisse,

188 2568 228 2629 et
265 2557 422 2654 quidem
452 2557 552 2630 Edd.
588 2570 680 2630 vett.
710 2558 846 2631 melius
879 2560 1102 2654 exemplum
1137 2559 1360 2654 possedisse

187 2690 376 2784 videntur,
400 2716 488 2764 cum
508 2692 690 2764 nonnulla
705 2692 849 2764 inutilia
863 2705 904 2764 et
918 2693 1129 2787 prolixiora
1144 2695 1362 2784 omiserint,

61 2846 63 2850 ⁸
187 2836 323 2896 contra
361 2824 422 2897 hie
463 2825 537 2897 illic
576 2825 714 2897 vocula
753 2824 920 2921 quadam
959 2824 1091 2898 addita
1130 2829 1362 2897 sententiam

186 2959 383 3051 aptissime
411 2957 694 3031 illustraverint.

234 3223 305 3318 Ep.
345 3224 439 3296 ΧΙΙΙ.
479 3224 626 3297 Notatu
666 3224 824 3319 dignum
858 3226 999 3298 eodem
1035 3226 1169 3319 modo,
1206 3250 1283 3322 quo
1309 3227 1359 3299 ad

185 3356 257 3453 Ep.
297 3357 358 3430 Vl.
392 3361 414 3454 ξ
454 3380 507 3451 13,
535 3361 652 3430 etiam
680 3358 740 3430 hic
767 3358 818 3430 ad
844 3359 963 3431 verba
991 3383 1106 3451 „cum
1132 3383 1210 3432 non
1238 3383 1362 3454 pauca

185 3492 223 3561 in
245 3515 294 3564 eo
316 3494 551 3586 scripserim,
575 3515 738 3587 quorum
761 3494 996 3563 contrarium
1018 3514 1177 3585 prorsus
1195 3492 1362 3586 amplec-

184 3625 274 3698 tor’'
301 3625 367 3698 Vs.
390 3625 431 3696 Β.
460 3627 694 3717 servavisse,
722 3648 821 3720 quae
853 3627 892 3697 in
917 3628 1090 3720 margine
1112 3625 1281 3718 exempli
1302 3629 1359 3698 sui

185 3769 393 3830 annotasse
420 3756 573 3830 videtur
595 3758 783 3853 Spinoza,
807 3783 878 3831 se:
902 3759 972 3851 „ik
992 3758 1068 3831 heb
1090 3758 1164 3851 dit,
1187 3770 1267 3829 met
1288 3782 1362 3831 een

185 3890 307 3962 ander
333 3891 449 3963 letter
474 3891 717 3988 uitgedrukt,
745 3894 783 3962 in
810 3890 860 3963 de
886 3891 1062 3987 gezonde
1088 3890 1191 3964 brief
1213 3891 1363 3962 achter-

184 4021 356 4118 gelaten,
390 4023 503 4119 gelijk
535 4026 613 4097 ook
638 4026 673 4098 al
702 4024 728 4096 't
756 4025 888 4117 ander,
916 4024 983 4097 dat
1010 4037 1089 4097 met
1117 4047 1190 4096 een
1217 4023 1362 4097 andere

184 4154 300 4227 letter
325 4155 550 4252 uitgedrukt
576 4158 727 4250 word,''
757 4161 777 4229 i.
807 4182 839 4230 e.
869 4159 996 4250 „haec
1024 4160 1171 4250 omnia,
1201 4157 1362 4232 diversis

183 4288 303 4362 literis
324 4313 531 4384 expressa,
559 4293 597 4361 in
623 4290 789 4385 epistola
817 4293 933 4363 missa
961 4293 1090 4382 omisi,
1118 4293 1217 4362 sieut
1244 4292 1361 4362 etiam

183 4423 349 4517 reliqua,
389 4447 489 4520 quae
529 4427 679 4498 cursive
719 4425 1022 4518 imprimuntur.”
1062 4423 1205 4497 Ultima
1243 4424 1361 4496 verba
