3120 5070
788 484 835 555 28

269 707 379 800 Quae
406 718 536 779 autem
563 706 692 799 attuli,
722 705 900 778 sufficere
926 705 1117 799 videntur,
1140 709 1284 802 quippe
1299 731 1399 804 quae

218 842 311 913 satis
350 839 472 933 clare,
517 838 656 932 credo,
692 841 891 932 evincant,
927 837 991 911 vix
1027 840 1277 935 cogitandum
1312 863 1399 913 esse

216 972 268 1044 de
289 972 478 1065 flosculis,
502 971 553 1045 de
575 971 850 1065 locutionibuS,
874 995 971 1067 quas
992 984 1127 1046 noster
1149 974 1210 1046 vel
1224 996 1247 1044 a
1261 976 1399 1070 magis-

217 1117 279 1178 tro
302 1104 494 1178 didicerat
515 1105 576 1178 vel
599 1105 648 1177 ab
670 1104 745 1176 alio
768 1116 993 1199 acceperat,
1017 1104 1088 1177 sed
1108 1105 1157 1178 de
1173 1106 1398 1180 domesticis

216 1241 387 1312 auctoris
409 1241 531 1312 nostri
546 1240 689 1333 copiis,
704 1239 940 1334 comparatis
954 1239 1131 1311 nimirum
1146 1264 1198 1312 ex
1213 1244 1398 1314 continua

216 1371 384 1444 lectione
415 1383 454 1443 et
474 1373 607 1444 intima
626 1371 688 1443 illa
708 1374 854 1467 antiqui
873 1374 1073 1466 scriptoris
1094 1374 1396 1468 consuetudine,

215 1527 316 1600 quae
343 1503 425 1576 lere
453 1516 593 1600 sponte
619 1504 738 1578 verba
765 1516 806 1576 et
827 1504 1045 1578 locutiones
1065 1518 1312 1601 suggereret,
1336 1507 1397 1618 liic

170 1733 174 1741 ἢ
215 1636 289 1708 illic
316 1637 378 1710 vel
404 1640 576 1733 integros
603 1660 738 1711 versus
765 1636 803 1709 in
830 1622 1001 1710 mentem
1028 1651 1243 1712 revocaret.

264 1770 341 1842 lam
381 1774 412 1844 si
452 1773 536 1867 quis
575 1773 745 1864 miretur,
782 1774 846 1866 qui
872 1770 1018 1844 factum
1046 1774 1113 1865 sit,
1142 1784 1185 1844 ut
1210 1775 1249 1844 in
1275 1797 1396 1868 opere

215 1927 370 1998 severo,
395 1905 507 2002 quale
529 1917 590 1978 est
603 1905 759 1998 Ethica,
782 1905 832 1977 ad
845 1917 988 1999 poetae
1004 1908 1246 2000 potissimum
1261 1930 1396 1980 versus

184 2013 185 2016 Ἴ
214 2050 255 2111 et
277 2041 490 2112 sententias
513 2038 714 2132 alludatur,
742 2041 774 2111 is
795 2038 927 2110 audiat
948 2039 1145 2111 Baconem
1167 2042 1205 2110 in
1220 2040 1316 2113 libro
1331 2041 1395 2115 illo

214 2172 264 2244 de
287 2172 519 2267 Augmentis
534 2173 792 2246 Scientiarum
806 2172 867 2244 lib.
883 2171 968 2264 Vll,
984 2196 1016 2245 c.
1032 2193 1066 2263 3.
1081 2172 1122 2243 ln
1136 2197 1213 2269 quo
1229 2175 1396 2268 scriptor

213 2309 252 2377 in
278 2306 545 2379 adumbranda
571 2306 749 2379 doctrina
775 2304 824 2377 de
853 2305 1001 2377 cultura
1029 2309 1163 2399 animi,
1186 2317 1394 2402 postquam

212 2452 373 2535 questus
400 2452 461 2512 est
482 2452 634 2535 partem
656 2439 706 2512 de
730 2439 1029 2512 Characteribus
1050 2439 1293 2534 Ingeniorum
1313 2442 1395 2513 sive

212 2571 520 2666 Dispositionum
542 2596 565 2644 a
585 2573 781 2668 plerisque
805 2573 1058 2666 scriptoribus
1078 2573 1226 2645 Ethicis
1240 2573 1394 2667 neglec-

212 2718 292 2778 tam
318 2706 379 2779 vel
406 2709 720 2801 praetermissam
749 2730 856 2799 esse,
883 2706 1018 2778 harum
1045 2729 1174 2778 rerum
1197 2706 1394 2780 studiosos

212 2840 360 2934 relegat
387 2841 437 2913 ad
463 2840 701 2935 astrologos,
730 2840 779 2912 ad
806 2851 945 2935 poetas
960 2839 1174 2936 (heroicOS,
1199 2842 1392 2933 satiricOS,

210 2977 399 3068 tragicos,
440 2974 648 3070 comicos),
685 2973 789 3068 apud
822 2997 920 3069 quos
955 2985 1217 3069 „sparguntur
1251 2974 1393 3069 ubique

211 3107 441 3179 simulachra
480 3110 741 3203 ingeniorum,
781 3108 872 3180 licet
910 3106 992 3179 fere
1028 3132 1115 3179 cum
1152 3130 1320 3180 excessu
1353 3119 1393 3179 et

210 3253 367 3334 praeter
388 3241 546 3315 modum
567 3244 740 3315 veritatis
757 3300 886 3314 ......
910 3241 965 3313 At
987 3240 1101 3336 longe
1122 3243 1269 3335 optima
1282 3240 1393 3337 hujus

210 3386 400 3448 tractatus
427 3376 631 3471 suppellex
659 3387 699 3448 et
725 3376 831 3470 sylva
858 3377 938 3471 peti
965 3374 1084 3446 debet
1110 3374 1159 3446 ab
1186 3374 1392 3448 Historicis

152 3600 154 3606 y
209 3508 559 3603 prudentioribus.'’
587 3508 671 3581 Nec
693 3534 772 3582 non
794 3508 844 3580 ad
867 3508 1084 3581 doctrinam
1111 3506 1160 3579 de
1187 3507 1392 3580 affectibus

209 3653 249 3713 et
282 3643 638 3736 perturbationibus
670 3664 857 3737 pergem,
895 3643 1035 3736 spretis
1068 3644 1144 3713 iam
1170 3639 1392 3713 Aristotelis

209 3787 249 3847 et
283 3775 504 3848 Stoicorum
539 3775 894 3867 dissertationibus,
931 3777 1075 3869 quippe
1106 3797 1205 3870 quae
1233 3771 1302 3847 ha's
1327 3797 1391 3846 res

203 3987 334 4063 faciunt,
355 4009 444 4066 saepe
465 3989 616 4064 dicamus,
639 3992 697 4049 hoc
718 3989 790 4048 lieet
810 3988 936 4065 impune
953 3990 1052 4048 facere
1069 3988 1155 4062 huic,
1171 3988 1216 4047 illi
1234 3987 1393 4056 nonlicet¹

203 4105 265 4144 non
286 4088 369 4162 quod
391 4087 544 4147 dissimilis
566 4108 611 4147 res
632 4089 685 4160 sit,
707 4087 760 4146 sed
781 4085 834 4163 qui
854 4086 952 4145 facit''
975 4087 1027 4146 ubi
1044 4088 1106 4145 lere
1123 4087 1162 4146 ad
1174 4087 1301 4145 verbum
1312 4105 1396 4162 repe·

201 4182 274 4242 titur
294 4185 425 4261 Adelph.
449 4188 523 4260 823:

324 4293 413 4365 „Duo
434 4310 527 4367 quom
549 4291 632 4351 idem
653 4290 784 4363 faciunt,
807 4309 896 4366 saepe
917 4301 950 4349 ut
969 4290 1066 4367 possis
1088 4289 1189 4349 dicere

334 4375 413 4430 ‘Hoc
434 4372 506 4430 licet
526 4372 641 4448 inpune
661 4372 759 4430 lacere
780 4370 866 4445 huic,
888 4370 1016 4430 illinon
1038 4371 1135 4443 licet',

343 4453 413 4509 Non
435 4471 496 4527 quo
517 4450 672 4511 dissimilis
694 4470 740 4510 res
761 4450 816 4522 sit,
838 4451 891 4510 sed
912 4470 974 4528 quo
993 4451 1019 4510 is
1040 4451 1092 4527 qui
1114 4449 1218 4509 lacit.”
