3120 5070
752 459 801 532 30

184 674 227 734 et
261 665 343 757 ipse
378 662 546 756 Spinoza
571 661 800 734 interfuerit.
828 660 961 756 ltaque
984 659 1042 733 his
1068 660 1246 733 omnibus
1273 662 1367 733 satis

183 795 391 869 commode
414 796 602 891 explicari
615 819 732 891 posse
747 794 919 887 confid0,
944 818 1013 866 cur
1027 792 1200 866 Terentii
1213 795 1367 888 potissi-

184 952 289 1001 mum
316 952 451 1002 versus
477 940 557 1000 tam
582 930 834 1023 pertinaciter
859 929 1072 1000 memoriae
1093 930 1215 1001 nostri
1237 926 1367 999 inhae-

185 1064 283 1134 sisse
309 1061 524 1134 videantur.
557 1062 589 1156 Ι)

235 1195 339 1266 Fieri
361 1205 493 1266 tamen
506 1204 657 1288 potest,
681 1205 723 1265 ut
738 1196 855 1265 etiam
869 1193 991 1266 altera
1007 1216 1125 1266 causa
1138 1194 1366 1284 accesserit,

184 1351 286 1423 quae
313 1327 511 1401 fortuitam
538 1326 658 1419 illam,
687 1350 802 1422 quam
829 1350 942 1399 casus
964 1329 1118 1398 externi
1140 1328 1367 1417 iunxerant,

186 1463 362 1535 notitiam
388 1459 678 1556 quodammodo
702 1462 876 1533 sanxerit
897 1471 937 1532 et
959 1462 997 1531 in
1019 1463 1227 1532 arctiorem
1249 1483 1369 1556 quan-

135 1620 142 1635 ·
186 1595 277 1667 dam
295 1606 336 1667 et
349 1596 573 1691 interiorem
588 1596 796 1666 amicitiam
811 1594 1035 1668 coalescere
1049 1594 1197 1686 lecerit.
1213 1593 1369 1666 Etenim

188 1729 226 1801 in
261 1731 400 1801 comici
434 1729 573 1802 fabulis
607 1728 888 1823 perlustrandis
920 1729 1051 1802 facere
1085 1753 1163 1801 non
1189 1751 1368 1823 possum,

186 1861 278 1958 quin
317 1861 503 1956 admirer,
543 1887 659 1959 quam
698 1865 855 1957 egregie
894 1862 1088 1935 interdum
1125 1871 1245 1950 γνῶμαι
1282 1860 1369 1934 illae

188 1995 248 2068 vel
276 1998 513 2089 sententiae,
540 1996 679 2092 quibus
704 2007 823 2090 poeta
846 1999 1063 2068 orationem
1086 1995 1307 2069 distinxerit
1330 2007 1371 2068 et

186 2132 455 2223 exornaverit,
496 2133 730 2203 conveniant
764 2142 805 2202 et
839 2129 1032 2226 quadrent
1065 2154 1153 2203 cum
1179 2132 1263 2224 ipsa
1289 2129 1370 2224 phi-

188 2261 340 2358 losophi
362 2262 540 2337 doctrina
560 2263 612 2336 de
630 2263 827 2336 hominum
841 2264 1013 2336 moribus
1027 2263 1156 2360 deque
1170 2265 1248 2336 vita
1261 2274 1370 2336 recte

189 2395 436 2468 instituenda.

238 2527 417 2623 Longum
451 2540 512 2601 est
546 2532 675 2603 omnia
709 2533 902 2626 persequi.
937 2530 1102 2624 Relegat
1128 2542 1259 2602 tamen
1285 2532 1371 2626 quis
1402 2568 1403 2571 ¹

188 2684 252 2731 ex.
287 2683 342 2755 gr.
370 2660 517 2754 locum,
553 2685 669 2758 quern
696 2686 812 2757 supra
838 2662 1078 2737 laudavimus
1105 2686 1155 2736 ex
1181 2661 1372 2759 Adelphis

190 2817 243 2866 vs.
272 2795 338 2887 68,
366 2797 431 2889 qui
458 2797 513 2868 sic
541 2798 694 2890 incipit:

229 3029 254 3095 1)
277 3026 472 3100 Notandum,
494 3027 579 3103 quod
599 3026 631 3086 in
653 3030 793 3106 catalogo
815 3028 961 3088 librorum
980 3028 1145 3105 Spinozae,
1166 3048 1257 3105 quem
1276 3029 1377 3090 novis·

184 3121 260 3181 sime
292 3122 389 3181 edidit
420 3143 448 3181 v.
481 3143 507 3183 c.
534 3127 561 3200 J.
591 3126 796 3185 Freudenthal
823 3125 854 3184 in
876 3125 954 3185 libro
983 3125 1059 3199 „die
1080 3127 1378 3204 Lebensgeschichte

184 3218 368 3296 Spinoza's'’
385 3240 414 3297 p.
426 3240 456 3297 p.
472 3223 528 3280 160
540 3241 641 3298 seqq,
659 3242 729 3282 cum
741 3223 858 3296 Taciti,
877 3223 973 3297 Livii,
992 3223 1140 3299 Sallustii,
1159 3225 1257 3284 Curtii
1267 3244 1376 3302 opera,

185 3318 258 3376 item
287 3319 427 3392 Plautus,
460 3319 630 3398 Vergilius,
660 3321 806 3395 Ovidius,
828 3323 959 3396 Seneca,
982 3321 1146 3396 Martialis,
1169 3322 1326 3383 Ciceronis
1347 3334 1379 3384 et

186 3415 279 3475 Plinii
299 3417 433 3475 Secundi
454 3418 616 3494 epistulae,
640 3419 799 3478 Petronius
817 3438 954 3496 quoque,
973 3438 1031 3479 nec
1049 3439 1112 3478 non
1130 3420 1207 3480 liber
1223 3422 1378 3494 „Phrases

187 3513 376 3590 Virgilianae
406 3524 436 3574 et
467 3516 681 3575 Horatianae”
709 3528 886 3593 occurrant,
909 3518 1096 3577 desideratur
1116 3528 1219 3578 tamen
1240 3519 1379 3579 Terentii

184 3612 413 3671 comoediarum
435 3616 598 3690 exemplar.

226 3709 318 3769 Unde
339 3712 536 3770 confirmatur
557 3712 678 3787 opinio,
701 3713 805 3772 omnia
825 3713 893 3787 illa,
915 3732 994 3790 quae
1014 3733 1052 3773 ex
1073 3714 1218 3775 'Terentio
1239 3715 1378 3775 desumta

186 3806 376 3882 notavimuS,
398 3827 503 3867 revera
523 3808 672 3885 Spinozae
693 3810 789 3870 menti
810 3810 883 3870 inde
902 3812 941 3870 ab
959 3812 1167 3872 adulescentia
1184 3823 1247 3871 tam
1258 3813 1378 3889 penitus

184 3903 367 3978 inhaesisse,
390 3914 422 3964 ut
443 3904 494 3964 ille
515 3925 553 3965 ex
574 3909 639 3966 sola
656 3909 818 3983 memoria,
838 3911 923 3968 nullo
941 3909 1077 3969 subsidio
1088 3911 1243 3986 adhibito,
1261 3912 1379 3989 integra
1413 3946 1416 3951 ·

185 4014 294 4079 poetae
315 4005 409 4063 verba
430 4003 607 4079 depromere
628 4015 658 4064 et
679 4006 797 4083 scriptis
819 4006 879 4066 suis
900 4007 1031 4067 inserere
1051 4009 1187 4070 valuerit.

228 4101 347 4158 Tamen
380 4099 465 4169 vide,
494 4120 572 4177 quae
600 4104 639 4162 de
659 4103 740 4164 illius
762 4104 894 4182 catalogi
914 4105 1031 4164 lacunis
1053 4115 1082 4165 et
1102 4105 1230 4167 omnino
1251 4108 1290 4167 de
1310 4127 1379 4167 cau·

187 4194 286 4271 tione,
308 4216 386 4273 quae
407 4198 583 4258 adhibenda
604 4210 664 4274 est,
686 4202 760 4260 dum
778 4221 816 4260 ex
834 4201 982 4262 librorum
1000 4204 1140 4281 catalogo
1158 4205 1196 4264 de
1206 4204 1379 4282 philosophi

186 4292 314 4352 scientia
342 4306 371 4354 et
398 4295 582 4356 lectionibus
603 4297 810 4358 coniecturam
832 4300 978 4375 facimus,
999 4311 1069 4378 post
1088 4301 1240 4362 Meinsma
1260 4302 1380 4380 egregie

186 4391 348 4450 admonuit
367 4394 570 4454 Freudenthal
591 4397 642 4456 ll.
662 4417 692 4473 p.
716 4399 782 4454 288.
