3120 5070
774 525 817 615 83

250 740 339 814 ibid.
368 763 425 829 24.
441 741 582 835 „Nam,
606 742 711 839 quod
726 742 836 839 hujus
850 747 1001 839 imperii
1016 749 1200 819 ministris
1214 770 1381 843 aequum

201 879 248 948 sit
276 878 491 950 vocationis
518 880 732 971 praemium
759 877 940 972 decerni,
981 879 1159 953 dubitare
1186 905 1264 953 non
1291 905 1379 976 pos-

202 1010 367 1082 sumus.‘'

248 1143 435 1216 Nimirum
476 1146 750 1237 „vacationis”
791 1148 1093 1241 restituendum3
1134 1147 1181 1220 cl.
1221 1147 1288 1221 Vs.
1316 1149 1376 1220 B.:

200 1277 455 1374 „vergelding
482 1302 555 1351 van
583 1279 660 1351 hun
687 1281 891 1375 bezzgltez't’'
918 1293 958 1354 et
986 1281 1029 1354 C.
1052 1282 1144 1354 VIII.
1171 1303 1211 1354 21
1245 1294 1285 1354 et
1311 1302 1376 1353 22:

199 1436 346 1508 „quare
373 1415 418 1485 iis
441 1415 655 1486 vacationis
669 1416 883 1507 praemium
898 1414 1075 1508 decerni,
1099 1440 1264 1512 aequum
1280 1417 1375 1489 est.'‘

247 1678 289 1750 C.
318 1679 381 1751 IX.
408 1682 448 1751 6:
478 1679 638 1775 „Atque
652 1680 712 1752 hic
727 1679 830 1753 idem
845 1680 942 1753 ordo
958 1684 993 1752 in
1010 1682 1198 1776 eligendis
1213 1681 1376 1755 ducibus

197 1815 414 1905 exercituS,
443 1824 483 1887 et
510 1813 647 1908 legatis
674 1816 711 1884 in
728 1815 811 1890 ,alia
839 1823 958 1910 regna
973 1813 1191 1908 mittendis,
1215 1827 1257 1886 ut
1271 1817 1375 1887 circa

196 1944 357 2019 decreta
396 1946 445 2019 de
479 1946 580 2020 bello
616 1946 838 2041 inferendo,
883 1960 923 2021 et
951 1951 1059 2043 pacis
1087 1949 1374 2021 conditionibus

196 2080 462 2175 acceptandis,
490 2083 614 2153 teneri
642 2082 809 2174 potest.”
1271 2157 1273 2161 ,

243 2213 309 2287 Vs.
349 2214 408 2287 B.:
450 2215 573 2307 „lllen
607 2227 714 2288 moet
740 2215 837 2289 deze
863 2215 987 2290 zelfde
1015 2217 1204 2312 ordening
1231 2216 1310 2288 ook
1336 2219 1373 2288 in

194 2349 503 2445 Krijgsoversten
524 2362 565 2421 te
587 2351 811 2443 verkiezen,
836 2352 874 2423 in
896 2350 1098 2425 Gezanten
1113 2373 1207 2422 naar
1226 2348 1371 2422 andere

194 2483 329 2579 Rijken
367 2493 407 2554 te
446 2482 615 2574 zenden,
650 2483 763 2581 gelzj'k
801 2485 881 2555 ook·
902 2486 939 2555 in
980 2484 1029 2556 de
1067 2483 1259 2557 besluiten
1298 2506 1372 2555 van

193 2615 329 2711 oorlog
354 2628 395 2688 te
422 2639 582 2709 voeren,
610 2640 659 2689 en
685 2619 967 2691 voorwaarden
994 2643 1068 2691 van
1096 2617 1216 2690 vrede
1243 2640 1317 2688 aan
1331 2628 1371 2688 te

192 2771 349 2841 nemen,
396 2748 588 2822 houden.''
633 2750 765 2847 ltaque
814 2762 890 2845 ,ut
935 2762 969 2824 et
1014 2755 1118 2824 circa
1165 2750 1325 2822 decreta
1337 2749 1370 2841 ,’'

190 2881 330 2977 legisse
357 2894 521 2976 apparet
546 2883 612 2956 Vs.
640 2884 699 2978 B,
726 2899 855 2978 recte,
883 2898 926 2958 ut
952 2886 1115 2959 videtur.

240 3149 283 3223 C.
318 3151 366 3224 X.
393 3173 427 3239 4.
462 3151 679 3244 „Homines
707 3154 826 3244 enim,
855 3153 894 3223 in
916 3175 1014 3246 pace
1038 3151 1219 3245 deposito
1242 3164 1367 3244 metu,

191 3283 373 3378 paulatim
409 3308 460 3357 ex
494 3285 690 3359 ferocibus
724 3287 899 3359 barbaris
933 3287 1064 3401 ciriles
1091 3309 1160 3358 seu
1194 3285 1366 3378 humani,

190 3429 230 3489 et
257 3441 307 3490 ex
334 3418 509 3492 humanis
535 3420 671 3492 molles
698 3432 738 3492 et
764 3423 909 3493 inertes
936 3419 1067 3491 fiunt.'’

238 3551 388 3625 Collata
414 3552 479 3626 Vs.
503 3554 561 3624 B.:
592 3553 736 3647 „Want
762 3553 812 3627 de
839 3553 1070 3645 menschen,
1106 3555 1143 3624 in
1170 3552 1289 3641 vrede
1318 3553 1367 3626 de

188 3709 301 3758 vrees
335 3685 505 3781 afgelegt
539 3687 762 3779 hebbende,
798 3688 957 3760 worden
984 3688 1148 3782 allengs,
1176 3692 1213 3759 in
1241 3688 1366 3782 plaats

187 3843 261 3892 van
295 3831 418 3892 woest
446 3844 494 3893 en
521 3821 739 3914 onbezuist‚
773 3821 979 3918 burgerlijk
1002 3845 1051 3894 en
1073 3820 1364 3929 menschelijk‚'’

186 3953 295 4025 malis
322 3953 453 4048 legere
481 3953 705 4046 „ferocibus
730 3964 764 4026 et
784 3955 1001 4047 barbaris'',
1023 3957 1253 4049 praesertim
1275 3978 1363 4027 cum

186 4111 324 4160 vocem
352 4087 601 4180 „barbarus”
629 4086 821 4161 adiective
849 4088 1035 4161 adhibere
1063 4087 1187 4161 soleat
1209 4101 1364 4183 noster,

187 4219 235 4291 cf.
263 4243 325 4291 eX.
352 4243 407 4315 gr.
437 4220 479 4293 C.
507 4221 531 4292 l.
560 4239 593 4312 7.
