3120 5070
745 489 789 564 57

226 695 266 765 ln
292 694 435 766 ultimis
461 696 587 791 igitur,
617 717 715 789 quos
742 693 1011 784 tractavimus,
1041 691 1137 765 locis
1164 694 1356 785 interpres

179 821 282 923 Belg.
328 852 406 900 non
443 827 544 899 adeo
583 828 753 922 graviter
791 824 1026 897 incusandus
1063 848 1153 910 esse
1192 826 1355 918 videtur,

179 964 295 1035 immo
331 964 413 1035 eius
440 964 670 1034 omissiones
697 959 891 1032 interdum
918 970 1055 1030 notatu
1082 959 1221 1055 dignae
1250 971 1354 1052 sunt,

179 1098 323 1190 quippe
351 1118 450 1191 quae
477 1093 647 1166 nonnihil
671 1093 850 1165 conferre
874 1094 1023 1186 possint
1044 1092 1095 1164 ad
1117 1116 1356 1187 cognoscen-

180 1229 270 1301 dum
298 1241 441 1302 statum
462 1241 502 1302 et
523 1228 795 1301 condicionem
816 1227 918 1300 Mss
932 1239 971 1299 et
986 1227 1167 1300 editionis
1183 1227 1356 1322 Operum

180 1361 498 1456 Posthumorum,
522 1373 695 1434 attamen
719 1363 750 1434 si
765 1362 839 1431 iam
855 1343 1002 1453 omnia,
1027 1385 1127 1455 quae
1140 1361 1355 1455 attulimus,

178 1500 422 1592 respicimuS,
442 1498 598 1569 minime
614 1494 931 1568 dissimulandum
946 1517 1033 1567 esse
1048 1495 1219 1588 videtur,
1240 1498 1356 1568 etiam

178 1633 380 1726 interpreti
402 1631 559 1726 Belgico
582 1652 872 1723 nonnumquam
892 1628 1047 1700 humani
1061 1629 1153 1724 quid
1166 1629 1356 1702 accidisse

179 1788 345 1859 eumque
381 1765 500 1837 verba
535 1764 726 1858 Spinozae
762 1762 822 1834 hic
856 1762 930 1834 illic
957 1786 1093 1857 parum
1118 1762 1356 1835 intellexisse

181 1910 220 1970 et
244 1900 422 1972 turbasse
450 1913 635 1994 quoque,
653 1910 784 1970 tamen
811 1899 878 1989 ita,
906 1909 948 1969 ut
971 1899 1043 1991 ipsi
1065 1898 1181 1969 etiam
1203 1919 1356 1968 errores

179 2031 281 2104 haud
307 2057 396 2105 raro
423 2044 641 2105 memoratu
667 2032 772 2128 digni
794 2032 1015 2125 videantur,
1040 2034 1156 2103 immo
1177 2055 1265 2102 cum
1279 2054 1356 2102 non

180 2167 280 2239 iusto
316 2169 471 2261 saepius
506 2189 596 2238 eum
613 2189 819 2260 peccasse
847 2176 1050 2259 appareat,
1083 2165 1263 2259 equidem
1289 2165 1357 2234 im-

180 2302 312 2395 primis
334 2303 373 2371 in
399 2301 590 2373 brevitate
613 2300 820 2392 temporis,
848 2300 885 2369 in
906 2297 1158 2392 amplitudine
1183 2297 1356 2392 Operum

179 2433 477 2507 Posthumorum
502 2435 796 2528 argumentique
816 2432 1098 2526 profunditate,
1121 2433 1357 2528 diligentiam

180 2570 262 2642 eius
297 2569 455 2640 laudare
489 2591 604 2662 quam
632 2566 851 2640 socordiam
878 2567 1119 2662 exprobrare
1145 2566 1355 2638 maluerim.

180 2698 276 2776 Utut
301 2716 432 2776 autem
459 2704 556 2775 haec
583 2714 690 2794 sunt,
717 2702 791 2774 hoc
818 2713 925 2774 certe
953 2725 1004 2773 ex
1031 2701 1357 2796 praecedentibus

181 2837 364 2935 eluxisse}
378 2838 552 2910 confido:
580 2837 811 2910 Versionem
837 2836 1048 2931 Belgicam,
1077 2861 1164 2908 cum
1191 2859 1241 2907 ex
1264 2838 1357 2929 ipsis

180 2969 270 3044 Mss.
308 2971 490 3044 conlecta
524 2974 720 3066 propriam
754 2970 895 3043 habeat
925 2972 1216 3061 auctoritatem,
1243 2971 1356 3041 unice

180 3116 311 3198 aptam
350 3128 437 3178 esse
477 3105 526 3177 ad
566 3103 786 3198 arguendos
823 3102 943 3174 Editt.
983 3115 1157 3195 vetereS,
1193 3102 1285 3196 quid
1320 3104 1358 3174 in

180 3236 343 3310 edendis
364 3237 583 3332 philosophi
605 3235 788 3330 operibus
810 3235 890 3306 sive
913 3233 1142 3311 festinantes
1158 3235 1357 3307 omiserint

180 3370 240 3441 vel
267 3371 524 3463 turbaverint,
553 3367 1247 3463 siveemendantes,distinguentes,
1272 3392 1358 3462 per-

180 3502 373 3596 polientes
399 3506 471 3598 ipsi
497 3504 712 3576 adiecerint
720 3530 728 3595 3
756 3504 886 3597 itaque
910 3525 997 3574 eam
1019 3500 1069 3572 ad
1091 3502 1358 3596 assequendos

180 3635 372 3731 Spinozae
411 3650 627 3732 conceptus
666 3649 706 3709 et
744 3636 794 3708 ad
836 3635 938 3730 Opp.
969 3636 1100 3709 Posth.
1128 3648 1358 3709 contextum

180 3772 495 3844 constituendum
528 3774 719 3866 quantivis
747 3793 834 3842 esse
862 3772 976 3864 pretii
1002 3782 1042 3842 et
1068 3769 1222 3864 dignam
1250 3794 1357 3862 esse,

180 3927 279 3998 quae
307 3908 345 3976 in
372 3906 535 3979 edendis
561 3905 779 4000 philosophi
807 3907 960 3999 scriptis
985 3904 1107 3976 sedulo
1133 3916 1173 3976 et
1190 3905 1360 4000 fideliter

180 4050 220 4110 et
239 4049 450 4136 pertulum
477 4052 566 4137 opus
591 4040 831 4112 adhibeatur.

230 4171 388 4264 Restat,
427 4185 469 4244 ut
503 4176 712 4268 separatim
745 4175 879 4266 paucis
910 4196 1069 4268 agamus
1096 4171 1145 4244 de
1172 4183 1359 4245 contextu

181 4306 433 4400 epistularum
460 4329 670 4402 earumque
697 4305 965 4399 autographiS,
994 4329 1094 4401 quae
1115 4330 1178 4377 res
1191 4305 1358 4380 fortasse

180 4441 372 4537 integram
387 4439 572 4512 reclamat
586 4439 939 4532 investigationem,
959 4442 989 4511 si
1005 4440 1161 4534 quidem
1175 4453 1236 4513 est
1250 4443 1357 4513 tanti.
