<?xml version="1.0" encoding="UTF-8"?>
<!DOCTYPE html PUBLIC "-//W3C//DTD XHTML 1.0 Transitional//EN"
    "http://www.w3.org/TR/xhtml1/DTD/xhtml1-transitional.dtd">
<html xmlns="http://www.w3.org/1999/xhtml" xml:lang="en" lang="en">
 <head>
  <title>
</title>
<meta http-equiv="Content-Type" content="text/html;charset=utf-8" />
  <meta name='ocr-system' content='tesseract 3.04.00' />
  <meta name='ocr-capabilities' content='ocr_page ocr_carea ocr_par ocr_line ocrx_word'/>
</head>
<body>
  <div class='ocr_page' id='page_1' title='image "./adspinozaeopera00leopgoog_0024.png"; bbox 0 0 3120 5070; ppageno 0'>
   <div class='ocr_carea' id='block_1_1' title="bbox 766 518 785 588">
    <p class='ocr_par' dir='ltr' id='par_1_1' title="bbox 766 518 785 588">
     <span class='ocr_line' id='line_1_1' title="bbox 766 518 785 588; baseline 0 0"><span class='ocrx_word' id='word_1_1' title='bbox 766 518 785 588; x_wconf 90' lang='lat'>3</span> 
     </span>
    </p>
   </div>
   <div class='ocr_carea' id='block_1_2' title="bbox 185 720 1373 4145">
    <p class='ocr_par' dir='ltr' id='par_1_2' title="bbox 185 720 1368 1213">
     <span class='ocr_line' id='line_1_2' title="bbox 186 720 1368 817; baseline 0 -25"><span class='ocrx_word' id='word_1_2' title='bbox 186 731 278 792; x_wconf 91' lang='lat' dir='ltr'><strong>sunt</strong></span> <span class='ocrx_word' id='word_1_3' title='bbox 300 723 524 817; x_wconf 83' lang='lat' dir='ltr'>rogationes</span> <span class='ocrx_word' id='word_1_4' title='bbox 547 720 742 814; x_wconf 84' lang='lat' dir='ltr'><strong>simplices</strong></span> <span class='ocrx_word' id='word_1_5' title='bbox 762 743 833 814; x_wconf 94' lang='lat' dir='ltr'><strong>per</strong></span> <span class='ocrx_word' id='word_1_6' title='bbox 846 733 973 792; x_wconf 91' lang='lat' dir='ltr'><strong>utrum</strong></span> <span class='ocrx_word' id='word_1_7' title='bbox 987 720 1194 793; x_wconf 91' lang='lat' dir='ltr'><strong>inchoatae</strong></span> <span class='ocrx_word' id='word_1_8' title='bbox 1202 749 1210 813; x_wconf 91' lang='lat'>;</span> <span class='ocrx_word' id='word_1_9' title='bbox 1234 743 1296 791; x_wconf 93' lang='lat' dir='ltr'><strong>ex.</strong></span> <span class='ocrx_word' id='word_1_10' title='bbox 1312 743 1368 815; x_wconf 85' lang='lat' dir='ltr'><strong>gr.</strong></span> 
     </span>
     <span class='ocr_line' id='line_1_3' title="bbox 185 853 1368 948; baseline -0.001 -23"><span class='ocrx_word' id='word_1_11' title='bbox 185 853 238 925; x_wconf 90' lang='lat' dir='ltr'><strong>de</strong></span> <span class='ocrx_word' id='word_1_12' title='bbox 277 855 344 925; x_wconf 88' lang='lat' dir='ltr'><strong>int.</strong></span> <span class='ocrx_word' id='word_1_13' title='bbox 385 876 458 925; x_wconf 92' lang='lat' dir='ltr'><strong>ern.</strong></span> <span class='ocrx_word' id='word_1_14' title='bbox 497 874 565 944; x_wconf 84' lang='lat'><strong>43:</strong></span> <span class='ocrx_word' id='word_1_15' title='bbox 600 865 749 947; x_wconf 92' lang='lat' dir='ltr'><strong>„atque</strong></span> <span class='ocrx_word' id='word_1_16' title='bbox 775 853 876 926; x_wconf 93' lang='lat' dir='ltr'><strong>adeo</strong></span> <span class='ocrx_word' id='word_1_17' title='bbox 904 856 1037 948; x_wconf 90' lang='lat' dir='ltr'><strong>quaeri</strong></span> <span class='ocrx_word' id='word_1_18' title='bbox 1062 865 1212 948; x_wconf 90' lang='lat' dir='ltr'><strong>potest,</strong></span> <span class='ocrx_word' id='word_1_19' title='bbox 1240 865 1368 926; x_wconf 91' lang='lat' dir='ltr'><strong>utrum</strong></span> 
     </span>
     <span class='ocr_line' id='line_1_4' title="bbox 186 986 1367 1081; baseline 0 -23"><span class='ocrx_word' id='word_1_20' title='bbox 186 1011 261 1060; x_wconf 91' lang='lat' dir='ltr'><strong>nos</strong></span> <span class='ocrx_word' id='word_1_21' title='bbox 295 986 398 1059; x_wconf 92' lang='lat' dir='ltr'><strong>bene</strong></span> <span class='ocrx_word' id='word_1_22' title='bbox 428 986 749 1079; x_wconf 86' lang='lat' dir='ltr'><strong>ratiocinemur&#39;’;</strong></span> <span class='ocrx_word' id='word_1_23' title='bbox 777 1008 905 1081; x_wconf 90' lang='lat' dir='ltr'><strong>neque</strong></span> <span class='ocrx_word' id='word_1_24' title='bbox 932 986 1074 1059; x_wconf 86' lang='lat' dir='ltr'><strong>desunt</strong></span> <span class='ocrx_word' id='word_1_25' title='bbox 1100 987 1173 1058; x_wconf 95' lang='lat' dir='ltr'><strong>alia</strong></span> <span class='ocrx_word' id='word_1_26' title='bbox 1198 989 1367 1079; x_wconf 93' lang='lat' dir='ltr'><strong>minora,</strong></span> 
     </span>
     <span class='ocr_line' id='line_1_5' title="bbox 186 1118 1172 1213; baseline 0.001 -22"><span class='ocrx_word' id='word_1_27' title='bbox 186 1142 289 1213; x_wconf 87' lang='lat' dir='ltr'><strong>quae</strong></span> <span class='ocrx_word' id='word_1_28' title='bbox 317 1121 441 1192; x_wconf 90' lang='lat' dir='ltr'><strong>iustae</strong></span> <span class='ocrx_word' id='word_1_29' title='bbox 467 1118 760 1213; x_wconf 83' lang='lat' dir='ltr'><strong>reprehensioni</strong></span> <span class='ocrx_word' id='word_1_30' title='bbox 786 1141 920 1192; x_wconf 85' lang='lat' dir='ltr'><strong>ansam</strong></span> <span class='ocrx_word' id='word_1_31' title='bbox 946 1119 1172 1213; x_wconf 83' lang='lat' dir='ltr'><strong>praebeant.</strong></span> 
     </span>
    </p>

    <p class='ocr_par' dir='ltr' id='par_1_3' title="bbox 185 1251 1371 2547">
     <span class='ocr_line' id='line_1_6' title="bbox 238 1251 1369 1347; baseline 0.001 -22"><span class='ocrx_word' id='word_1_32' title='bbox 238 1251 319 1326; x_wconf 86' lang='lat' dir='ltr'><strong>Sed</strong></span> <span class='ocrx_word' id='word_1_33' title='bbox 359 1252 509 1346; x_wconf 85' lang='lat' dir='ltr'><strong>relege,</strong></span> <span class='ocrx_word' id='word_1_34' title='bbox 549 1255 581 1325; x_wconf 96' lang='lat' dir='ltr'><strong>si</strong></span> <span class='ocrx_word' id='word_1_35' title='bbox 620 1252 767 1346; x_wconf 91' lang='lat' dir='ltr'><strong>placet,</strong></span> <span class='ocrx_word' id='word_1_36' title='bbox 807 1251 989 1346; x_wconf 94' lang='lat' dir='ltr'><strong>exempla</strong></span> <span class='ocrx_word' id='word_1_37' title='bbox 1027 1253 1065 1324; x_wconf 92' lang='lat' dir='ltr'><strong>in</strong></span> <span class='ocrx_word' id='word_1_38' title='bbox 1105 1251 1369 1347; x_wconf 91' lang='lat' dir='ltr'><strong>superioribus</strong></span> 
     </span>
     <span class='ocr_line' id='line_1_7' title="bbox 186 1384 1370 1481; baseline 0.002 -25"><span class='ocrx_word' id='word_1_39' title='bbox 186 1397 324 1457; x_wconf 92' lang='lat' dir='ltr'><strong>notata</strong></span> <span class='ocrx_word' id='word_1_40' title='bbox 351 1386 522 1480; x_wconf 88' lang='lat' dir='ltr'><strong>itemque</strong></span> <span class='ocrx_word' id='word_1_41' title='bbox 547 1409 595 1458; x_wconf 91' lang='lat' dir='ltr'><strong>ea</strong></span> <span class='ocrx_word' id='word_1_42' title='bbox 622 1409 722 1480; x_wconf 91' lang='lat' dir='ltr'><strong>quae</strong></span> <span class='ocrx_word' id='word_1_43' title='bbox 748 1409 771 1457; x_wconf 91' lang='lat' dir='ltr'><strong>a</strong></span> <span class='ocrx_word' id='word_1_44' title='bbox 793 1385 839 1458; x_wconf 91' lang='lat' dir='ltr'><strong>L.</strong></span> <span class='ocrx_word' id='word_1_45' title='bbox 862 1384 1014 1481; x_wconf 90' lang='lat' dir='ltr'><strong>prolata</strong></span> <span class='ocrx_word' id='word_1_46' title='bbox 1037 1396 1145 1479; x_wconf 91' lang='lat' dir='ltr'><strong>sunt,</strong></span> <span class='ocrx_word' id='word_1_47' title='bbox 1166 1396 1207 1458; x_wconf 95' lang='lat' dir='ltr'><strong>et</strong></span> <span class='ocrx_word' id='word_1_48' title='bbox 1226 1385 1370 1458; x_wconf 94' lang='lat' dir='ltr'><strong>deinde</strong></span> 
     </span>
     <span class='ocr_line' id='line_1_8' title="bbox 186 1517 1370 1614; baseline 0.002 -24"><span class='ocrx_word' id='word_1_49' title='bbox 186 1530 346 1613; x_wconf 90' lang='lat' dir='ltr'><strong>reputa,</strong></span> <span class='ocrx_word' id='word_1_50' title='bbox 381 1521 490 1592; x_wconf 91' lang='lat' dir='ltr'><strong>cuius</strong></span> <span class='ocrx_word' id='word_1_51' title='bbox 523 1522 678 1614; x_wconf 84' lang='lat' dir='ltr'><strong>generis</strong></span> <span class='ocrx_word' id='word_1_52' title='bbox 713 1521 790 1593; x_wconf 91' lang='lat' dir='ltr'><strong>sint</strong></span> <span class='ocrx_word' id='word_1_53' title='bbox 815 1520 926 1614; x_wconf 91' lang='lat' dir='ltr'><strong>vitia,</strong></span> <span class='ocrx_word' id='word_1_54' title='bbox 954 1541 1054 1614; x_wconf 93' lang='lat' dir='ltr'><strong>quae</strong></span> <span class='ocrx_word' id='word_1_55' title='bbox 1081 1517 1274 1614; x_wconf 88' lang='lat' dir='ltr'><strong>Spinozae</strong></span> <span class='ocrx_word' id='word_1_56' title='bbox 1302 1541 1370 1592; x_wconf 88' lang='lat' dir='ltr'><strong>ex-</strong></span> 
     </span>
     <span class='ocr_line' id='line_1_9' title="bbox 186 1652 1370 1748; baseline 0 -23"><span class='ocrx_word' id='word_1_57' title='bbox 186 1652 432 1747; x_wconf 90' lang='lat' dir='ltr'><strong>probrantur.</strong></span> <span class='ocrx_word' id='word_1_58' title='bbox 472 1653 583 1747; x_wconf 81' lang='lat' dir='ltr'><strong>Quae</strong></span> <span class='ocrx_word' id='word_1_59' title='bbox 617 1652 701 1726; x_wconf 90' lang='lat' dir='ltr'><strong>fere</strong></span> <span class='ocrx_word' id='word_1_60' title='bbox 738 1655 867 1725; x_wconf 92' lang='lat' dir='ltr'><strong>omnia</strong></span> <span class='ocrx_word' id='word_1_61' title='bbox 894 1664 1077 1726; x_wconf 86' lang='lat' dir='ltr'><strong>constant</strong></span> <span class='ocrx_word' id='word_1_62' title='bbox 1102 1655 1140 1724; x_wconf 94' lang='lat' dir='ltr'><strong>in</strong></span> <span class='ocrx_word' id='word_1_63' title='bbox 1167 1677 1236 1746; x_wconf 89' lang='lat' dir='ltr'><strong>eo,</strong></span> <span class='ocrx_word' id='word_1_64' title='bbox 1265 1652 1370 1748; x_wconf 95' lang='lat' dir='ltr'><strong>quod</strong></span> 
     </span>
     <span class='ocr_line' id='line_1_10' title="bbox 185 1785 1370 1881; baseline 0 -24"><span class='ocrx_word' id='word_1_65' title='bbox 185 1797 327 1859; x_wconf 85' lang='lat' dir='ltr'><strong>auctor</strong></span> <span class='ocrx_word' id='word_1_66' title='bbox 356 1789 394 1857; x_wconf 98' lang='lat' dir='ltr'><strong>in</strong></span> <span class='ocrx_word' id='word_1_67' title='bbox 421 1788 624 1859; x_wconf 87' lang='lat' dir='ltr'><strong>sententiis</strong></span> <span class='ocrx_word' id='word_1_68' title='bbox 650 1786 901 1881; x_wconf 90' lang='lat' dir='ltr'><strong>amplioribus</strong></span> <span class='ocrx_word' id='word_1_69' title='bbox 927 1785 1137 1859; x_wconf 85' lang='lat' dir='ltr'><strong>efferendis</strong></span> <span class='ocrx_word' id='word_1_70' title='bbox 1163 1785 1370 1858; x_wconf 91' lang='lat' dir='ltr'><strong>verborum</strong></span> 
     </span>
     <span class='ocr_line' id='line_1_11' title="bbox 185 1918 1370 2014; baseline 0 -23"><span class='ocrx_word' id='word_1_71' title='bbox 185 1920 477 1991; x_wconf 89' lang='lat' dir='ltr'><strong>connexionem</strong></span> <span class='ocrx_word' id='word_1_72' title='bbox 499 1931 540 1991; x_wconf 90' lang='lat' dir='ltr'><strong>et</strong></span> <span class='ocrx_word' id='word_1_73' title='bbox 562 1930 796 1992; x_wconf 88' lang='lat' dir='ltr'><strong>structuram</strong></span> <span class='ocrx_word' id='word_1_74' title='bbox 820 1943 898 1992; x_wconf 93' lang='lat' dir='ltr'><strong>non</strong></span> <span class='ocrx_word' id='word_1_75' title='bbox 921 1930 1031 1992; x_wconf 90' lang='lat' dir='ltr'><strong>recte</strong></span> <span class='ocrx_word' id='word_1_76' title='bbox 1053 1918 1104 1992; x_wconf 96' lang='lat' dir='ltr'><strong>ad</strong></span> <span class='ocrx_word' id='word_1_77' title='bbox 1116 1919 1233 1991; x_wconf 91' lang='lat' dir='ltr'><strong>finem</strong></span> <span class='ocrx_word' id='word_1_78' title='bbox 1247 1941 1370 2014; x_wconf 90' lang='lat' dir='ltr'><strong>usque</strong></span> 
     </span>
     <span class='ocr_line' id='line_1_12' title="bbox 185 2050 1371 2149; baseline -0.002 -25"><span class='ocrx_word' id='word_1_79' title='bbox 185 2051 473 2147; x_wconf 82' lang='lat' dir='ltr'><strong>observaverit3</strong></span> <span class='ocrx_word' id='word_1_80' title='bbox 514 2052 639 2148; x_wconf 95' lang='lat' dir='ltr'><strong>quod,</strong></span> <span class='ocrx_word' id='word_1_81' title='bbox 678 2065 721 2126; x_wconf 90' lang='lat' dir='ltr'><strong>ut</strong></span> <span class='ocrx_word' id='word_1_82' title='bbox 755 2055 875 2149; x_wconf 92' lang='lat' dir='ltr'><strong>ipsius</strong></span> <span class='ocrx_word' id='word_1_83' title='bbox 908 2052 954 2125; x_wconf 93' lang='lat' dir='ltr'><strong>L.</strong></span> <span class='ocrx_word' id='word_1_84' title='bbox 982 2051 1110 2126; x_wconf 90' lang='lat' dir='ltr'><strong>verbis</strong></span> <span class='ocrx_word' id='word_1_85' title='bbox 1136 2062 1239 2144; x_wconf 91' lang='lat' dir='ltr'><strong>utar,</strong></span> <span class='ocrx_word' id='word_1_86' title='bbox 1266 2050 1371 2123; x_wconf 91' lang='lat' dir='ltr'><strong>filum</strong></span> 
     </span>
     <span class='ocr_line' id='line_1_13' title="bbox 187 2184 1370 2282; baseline 0.002 -25"><span class='ocrx_word' id='word_1_87' title='bbox 187 2187 376 2259; x_wconf 91' lang='lat' dir='ltr'><strong>orationis</strong></span> <span class='ocrx_word' id='word_1_88' title='bbox 402 2185 597 2258; x_wconf 90' lang='lat' dir='ltr'><strong>interdum</strong></span> <span class='ocrx_word' id='word_1_89' title='bbox 623 2188 891 2282; x_wconf 91' lang='lat' dir='ltr'><strong>interruperit;</strong></span> <span class='ocrx_word' id='word_1_90' title='bbox 916 2186 1098 2282; x_wconf 90' lang='lat' dir='ltr'><strong>quodque</strong></span> <span class='ocrx_word' id='word_1_91' title='bbox 1113 2184 1370 2277; x_wconf 90' lang='lat' dir='ltr'><strong>anacoluthis,</strong></span> 
     </span>
     <span class='ocr_line' id='line_1_14' title="bbox 187 2317 1370 2411; baseline 0 -21"><span class='ocrx_word' id='word_1_92' title='bbox 187 2317 381 2411; x_wconf 90' lang='lat' dir='ltr'><strong>siquidem</strong></span> <span class='ocrx_word' id='word_1_93' title='bbox 419 2317 545 2391; x_wconf 92' lang='lat' dir='ltr'><strong>adhuc</strong></span> <span class='ocrx_word' id='word_1_94' title='bbox 580 2318 639 2392; x_wconf 88' lang='lat' dir='ltr'><strong>fas</strong></span> <span class='ocrx_word' id='word_1_95' title='bbox 666 2331 726 2393; x_wconf 91' lang='lat' dir='ltr'><strong>est</strong></span> <span class='ocrx_word' id='word_1_96' title='bbox 752 2322 808 2392; x_wconf 91' lang='lat' dir='ltr'><strong>uti</strong></span> <span class='ocrx_word' id='word_1_97' title='bbox 834 2319 900 2392; x_wconf 91' lang='lat' dir='ltr'><strong>tali</strong></span> <span class='ocrx_word' id='word_1_98' title='bbox 926 2318 1117 2392; x_wconf 90' lang='lat' dir='ltr'><strong>vocabulo</strong></span> <span class='ocrx_word' id='word_1_99' title='bbox 1144 2320 1183 2390; x_wconf 95' lang='lat' dir='ltr'><strong>in</strong></span> <span class='ocrx_word' id='word_1_100' title='bbox 1209 2317 1282 2390; x_wconf 92' lang='lat' dir='ltr'><strong>hac</strong></span> <span class='ocrx_word' id='word_1_101' title='bbox 1309 2341 1370 2410; x_wconf 92' lang='lat' dir='ltr'><strong>re,</strong></span> 
     </span>
     <span class='ocr_line' id='line_1_15' title="bbox 188 2439 1084 2547; baseline 0.002 -24"><span class='ocrx_word' id='word_1_102' title='bbox 188 2453 292 2524; x_wconf 91' lang='lat' dir='ltr'><strong>iusto</strong></span> <span class='ocrx_word' id='word_1_103' title='bbox 319 2452 405 2547; x_wconf 94' lang='lat' dir='ltr'><strong>plus</strong></span> <span class='ocrx_word' id='word_1_104' title='bbox 431 2451 642 2525; x_wconf 90' lang='lat' dir='ltr'><strong>indulserit.</strong></span> <span class='ocrx_word' id='word_1_105' title='bbox 1081 2439 1084 2446; x_wconf 40' lang='lat'>¹</span> 
     </span>
    </p>

    <p class='ocr_par' dir='ltr' id='par_1_4' title="bbox 185 2583 1373 4145">
     <span class='ocr_line' id='line_1_16' title="bbox 239 2583 1372 2682; baseline 0.002 -26"><span class='ocrx_word' id='word_1_106' title='bbox 239 2583 311 2657; x_wconf 91' lang='lat' dir='ltr'><strong>His</strong></span> <span class='ocrx_word' id='word_1_107' title='bbox 332 2584 435 2658; x_wconf 91' lang='lat' dir='ltr'><strong>adde</strong></span> <span class='ocrx_word' id='word_1_108' title='bbox 458 2587 628 2660; x_wconf 89' lang='lat' dir='ltr'><strong>auctoris</strong></span> <span class='ocrx_word' id='word_1_109' title='bbox 651 2589 774 2661; x_wconf 87' lang='lat' dir='ltr'><strong>nostri</strong></span> <span class='ocrx_word' id='word_1_110' title='bbox 795 2586 910 2682; x_wconf 91' lang='lat' dir='ltr'><strong>plane</strong></span> <span class='ocrx_word' id='word_1_111' title='bbox 931 2586 1131 2659; x_wconf 89' lang='lat' dir='ltr'><strong>mirificam</strong></span> <span class='ocrx_word' id='word_1_112' title='bbox 1154 2588 1372 2660; x_wconf 90' lang='lat' dir='ltr'><strong>inconstan-</strong></span> 
     </span>
     <span class='ocr_line' id='line_1_17' title="bbox 186 2719 1371 2816; baseline 0.003 -26"><span class='ocrx_word' id='word_1_113' title='bbox 186 2719 297 2811; x_wconf 92' lang='lat' dir='ltr'><strong>tiam,</strong></span> <span class='ocrx_word' id='word_1_114' title='bbox 331 2742 446 2814; x_wconf 92' lang='lat' dir='ltr'><strong>quam</strong></span> <span class='ocrx_word' id='word_1_115' title='bbox 472 2721 589 2792; x_wconf 92' lang='lat' dir='ltr'><strong>etiam</strong></span> <span class='ocrx_word' id='word_1_116' title='bbox 615 2719 661 2792; x_wconf 89' lang='lat' dir='ltr'><strong>L.</strong></span> <span class='ocrx_word' id='word_1_117' title='bbox 689 2721 818 2816; x_wconf 85' lang='lat' dir='ltr'><strong>attigit</strong></span> <span class='ocrx_word' id='word_1_118' title='bbox 844 2743 1038 2816; x_wconf 90' lang='lat' dir='ltr'><strong>quamque</strong></span> <span class='ocrx_word' id='word_1_119' title='bbox 1065 2743 1142 2794; x_wconf 94' lang='lat' dir='ltr'><strong>uno</strong></span> <span class='ocrx_word' id='word_1_120' title='bbox 1170 2719 1371 2816; x_wconf 90' lang='lat' dir='ltr'><strong>alteroque</strong></span> 
     </span>
     <span class='ocr_line' id='line_1_18' title="bbox 185 2853 1372 2948; baseline 0.002 -23"><span class='ocrx_word' id='word_1_121' title='bbox 185 2853 372 2947; x_wconf 90' lang='lat' dir='ltr'><strong>exemplo</strong></span> <span class='ocrx_word' id='word_1_122' title='bbox 396 2853 586 2927; x_wconf 91' lang='lat' dir='ltr'><strong>illustrare</strong></span> <span class='ocrx_word' id='word_1_123' title='bbox 608 2854 734 2927; x_wconf 91' lang='lat' dir='ltr'><strong>liceat.</strong></span> <span class='ocrx_word' id='word_1_124' title='bbox 751 2855 817 2928; x_wconf 92' lang='lat' dir='ltr'><strong>Sic</strong></span> <span class='ocrx_word' id='word_1_125' title='bbox 831 2853 919 2927; x_wconf 90' lang='lat' dir='ltr'><strong>Eth.</strong></span> <span class='ocrx_word' id='word_1_126' title='bbox 934 2853 981 2947; x_wconf 96' lang='lat' dir='ltr'><strong>ll,</strong></span> <span class='ocrx_word' id='word_1_127' title='bbox 995 2875 1055 2947; x_wconf 84' lang='lat'><strong>49,</strong></span> <span class='ocrx_word' id='word_1_128' title='bbox 1077 2853 1212 2928; x_wconf 85' lang='lat' dir='ltr'><strong>schol:</strong></span> <span class='ocrx_word' id='word_1_129' title='bbox 1236 2854 1372 2948; x_wconf 94' lang='lat' dir='ltr'><strong>„quod</strong></span> 
     </span>
     <span class='ocr_line' id='line_1_19' title="bbox 187 2985 1373 3084; baseline 0.002 -27"><span class='ocrx_word' id='word_1_130' title='bbox 187 2985 281 3058; x_wconf 90' lang='lat' dir='ltr'><strong>nihil</strong></span> <span class='ocrx_word' id='word_1_131' title='bbox 307 2986 447 3060; x_wconf 92' lang='lat' dir='ltr'><strong>clarius</strong></span> <span class='ocrx_word' id='word_1_132' title='bbox 472 2987 651 3061; x_wconf 89' lang='lat' dir='ltr'><strong>videatur</strong></span> <span class='ocrx_word' id='word_1_133' title='bbox 676 2989 822 3062; x_wconf 91' lang='lat' dir='ltr'><strong>docere</strong></span> <span class='ocrx_word' id='word_1_134' title='bbox 850 2990 1109 3084; x_wconf 85' lang='lat' dir='ltr'><strong>experientia,</strong></span> <span class='ocrx_word' id='word_1_135' title='bbox 1138 3010 1252 3082; x_wconf 92' lang='lat' dir='ltr'><strong>quam</strong></span> <span class='ocrx_word' id='word_1_136' title='bbox 1267 2986 1373 3082; x_wconf 94' lang='lat' dir='ltr'><strong>quod</strong></span> 
     </span>
     <span class='ocr_line' id='line_1_20' title="bbox 187 3119 1372 3218; baseline -0.001 -27"><span class='ocrx_word' id='word_1_137' title='bbox 187 3130 366 3192; x_wconf 91' lang='lat' dir='ltr'><strong>nostrum</strong></span> <span class='ocrx_word' id='word_1_138' title='bbox 404 3119 588 3192; x_wconf 91' lang='lat' dir='ltr'><strong>iudicium</strong></span> <span class='ocrx_word' id='word_1_139' title='bbox 615 3133 812 3218; x_wconf 81' lang='lat' dir='ltr'><strong>possumus</strong></span> <span class='ocrx_word' id='word_1_140' title='bbox 845 3120 1107 3217; x_wconf 86' lang='lat' dir='ltr'><strong>suspendere,</strong></span> <span class='ocrx_word' id='word_1_141' title='bbox 1124 3178 1254 3193; x_wconf 91' lang='grc'><strong>......</strong></span> <span class='ocrx_word' id='word_1_142' title='bbox 1281 3119 1372 3192; x_wconf 93' lang='lat' dir='ltr'><strong>nihil</strong></span> 
     </span>
     <span class='ocr_line' id='line_1_21' title="bbox 187 3252 1372 3349; baseline 0.002 -26"><span class='ocrx_word' id='word_1_143' title='bbox 187 3255 306 3347; x_wconf 84' lang='lat' dir='ltr'><strong>igitur</strong></span> <span class='ocrx_word' id='word_1_144' title='bbox 331 3252 470 3325; x_wconf 91' lang='lat' dir='ltr'><strong>clarius</strong></span> <span class='ocrx_word' id='word_1_145' title='bbox 497 3252 651 3326; x_wconf 90' lang='lat' dir='ltr'><strong>videtur</strong></span> <span class='ocrx_word' id='word_1_146' title='bbox 677 3254 822 3327; x_wconf 94' lang='lat' dir='ltr'><strong>docere</strong></span> <span class='ocrx_word' id='word_1_147' title='bbox 845 3255 1104 3349; x_wconf 88' lang='lat' dir='ltr'><strong>experientia,</strong></span> <span class='ocrx_word' id='word_1_148' title='bbox 1129 3277 1244 3348; x_wconf 92' lang='lat' dir='ltr'><strong>quam</strong></span> <span class='ocrx_word' id='word_1_149' title='bbox 1267 3252 1372 3348; x_wconf 94' lang='lat' dir='ltr'><strong>quod</strong></span> 
     </span>
     <span class='ocr_line' id='line_1_22' title="bbox 187 3385 1371 3478; baseline -0.002 -19"><span class='ocrx_word' id='word_1_150' title='bbox 187 3385 369 3460; x_wconf 89' lang='lat' dir='ltr'><strong>voluntas</strong></span> <span class='ocrx_word' id='word_1_151' title='bbox 395 3388 476 3460; x_wconf 92' lang='lat' dir='ltr'><strong>sive</strong></span> <span class='ocrx_word' id='word_1_152' title='bbox 503 3385 667 3459; x_wconf 87' lang='lat' dir='ltr'><strong>facultas</strong></span> <span class='ocrx_word' id='word_1_153' title='bbox 688 3387 927 3460; x_wconf 90' lang='lat' dir='ltr'><strong>assentiendi</strong></span> <span class='ocrx_word' id='word_1_154' title='bbox 948 3386 1068 3460; x_wconf 91' lang='lat' dir='ltr'><strong>libera</strong></span> <span class='ocrx_word' id='word_1_155' title='bbox 1089 3387 1174 3459; x_wconf 81' lang='lat' dir='ltr'><strong>sz&#39;t.&#39;&#39;</strong></span> <span class='ocrx_word' id='word_1_156' title='bbox 1198 3386 1284 3458; x_wconf 94' lang='lat' dir='ltr'><strong>Eth.</strong></span> <span class='ocrx_word' id='word_1_157' title='bbox 1307 3386 1371 3478; x_wconf 96' lang='lat' dir='ltr'><strong>lll,</strong></span> 
     </span>
     <span class='ocr_line' id='line_1_23' title="bbox 186 3518 1372 3614; baseline -0.001 -22"><span class='ocrx_word' id='word_1_158' title='bbox 186 3518 252 3592; x_wconf 88' lang='lat' dir='ltr'><strong>aff.</strong></span> <span class='ocrx_word' id='word_1_159' title='bbox 276 3518 352 3592; x_wconf 89' lang='lat' dir='ltr'><strong>def.</strong></span> <span class='ocrx_word' id='word_1_160' title='bbox 375 3539 409 3612; x_wconf 89' lang='lat'><strong>3,</strong></span> <span class='ocrx_word' id='word_1_161' title='bbox 433 3519 595 3613; x_wconf 81' lang='lat' dir='ltr'><strong>explic:</strong></span> <span class='ocrx_word' id='word_1_162' title='bbox 624 3519 756 3612; x_wconf 91' lang='lat' dir='ltr'><strong>„Nam</strong></span> <span class='ocrx_word' id='word_1_163' title='bbox 780 3519 885 3614; x_wconf 92' lang='lat' dir='ltr'><strong>quod</strong></span> <span class='ocrx_word' id='word_1_164' title='bbox 906 3521 1062 3592; x_wconf 91' lang='lat' dir='ltr'><strong>tristitia</strong></span> <span class='ocrx_word' id='word_1_165' title='bbox 1083 3521 1122 3590; x_wconf 93' lang='lat' dir='ltr'><strong>in</strong></span> <span class='ocrx_word' id='word_1_166' title='bbox 1143 3521 1372 3593; x_wconf 90' lang='lat' dir='ltr'><strong>transitione</strong></span> 
     </span>
     <span class='ocr_line' id='line_1_24' title="bbox 187 3652 1371 3748; baseline 0 -22"><span class='ocrx_word' id='word_1_167' title='bbox 187 3653 241 3726; x_wconf 91' lang='lat' dir='ltr'><strong>ad</strong></span> <span class='ocrx_word' id='word_1_168' title='bbox 287 3655 477 3725; x_wconf 93' lang='lat' dir='ltr'><strong>minorem</strong></span> <span class='ocrx_word' id='word_1_169' title='bbox 524 3652 809 3748; x_wconf 90' lang='lat' dir='ltr'><strong>perfectionem</strong></span> <span class='ocrx_word' id='word_1_170' title='bbox 847 3654 1034 3747; x_wconf 82' lang='lat' dir='ltr'><strong>consz&#39;stz&#39;t,</strong></span> <span class='ocrx_word' id='word_1_171' title='bbox 1074 3674 1189 3726; x_wconf 92' lang='lat' dir='ltr'><strong>nemo</strong></span> <span class='ocrx_word' id='word_1_172' title='bbox 1228 3675 1371 3748; x_wconf 83' lang='lat' dir='ltr'><strong>negare</strong></span> 
     </span>
     <span class='ocr_line' id='line_1_25' title="bbox 191 3785 1372 3881; baseline -0.001 -24"><span class='ocrx_word' id='word_1_173' title='bbox 191 3796 333 3879; x_wconf 88' lang='lat' dir='ltr'><strong>potest.</strong></span> <span class='ocrx_word' id='word_1_174' title='bbox 360 3829 407 3839; x_wconf 91' lang='lat'>—</span> <span class='ocrx_word' id='word_1_175' title='bbox 433 3785 518 3859; x_wconf 92' lang='lat' dir='ltr'><strong>Nec</strong></span> <span class='ocrx_word' id='word_1_176' title='bbox 557 3785 690 3859; x_wconf 91' lang='lat' dir='ltr'><strong>dicere</strong></span> <span class='ocrx_word' id='word_1_177' title='bbox 729 3809 956 3881; x_wconf 91' lang='lat' dir='ltr'><strong>possumus,</strong></span> <span class='ocrx_word' id='word_1_178' title='bbox 997 3785 1102 3881; x_wconf 92' lang='lat' dir='ltr'><strong>quod</strong></span> <span class='ocrx_word' id='word_1_179' title='bbox 1141 3786 1296 3859; x_wconf 90' lang='lat' dir='ltr'><strong>tristitia</strong></span> <span class='ocrx_word' id='word_1_180' title='bbox 1334 3786 1372 3856; x_wconf 93' lang='lat' dir='ltr'><strong>in</strong></span> 
     </span>
     <span class='ocr_line' id='line_1_26' title="bbox 189 3918 1371 4016; baseline 0.002 -28"><span class='ocrx_word' id='word_1_181' title='bbox 189 3919 408 4012; x_wconf 91' lang='lat' dir='ltr'><strong>privatione</strong></span> <span class='ocrx_word' id='word_1_182' title='bbox 453 3922 609 3994; x_wconf 93' lang='lat' dir='ltr'><strong>maioris</strong></span> <span class='ocrx_word' id='word_1_183' title='bbox 656 3920 911 4016; x_wconf 85' lang='lat' dir='ltr'><strong>perfectionis</strong></span> <span class='ocrx_word' id='word_1_184' title='bbox 959 3918 1171 3992; x_wconf 80' lang='lat' dir='ltr'><strong>consz&#39;stat.&#39;‘</strong></span> <span class='ocrx_word' id='word_1_185' title='bbox 1218 3918 1270 3990; x_wconf 89' lang='lat' dir='ltr'><strong>Et</strong></span> <span class='ocrx_word' id='word_1_186' title='bbox 1316 3920 1371 3992; x_wconf 92' lang='lat' dir='ltr'><strong>sic</strong></span> 
     </span>
     <span class='ocr_line' id='line_1_27' title="bbox 189 4074 346 4145; baseline -0.013 -22"><span class='ocrx_word' id='word_1_187' title='bbox 189 4074 346 4145; x_wconf 85' lang='lat' dir='ltr'><strong>passim.</strong></span> 
     </span>
    </p>
   </div>
   <div class='ocr_carea' id='block_1_3' title="bbox 181 4272 1378 4548">
    <p class='ocr_par' dir='ltr' id='par_1_5' title="bbox 181 4272 1378 4548">
     <span class='ocr_line' id='line_1_28' title="bbox 185 4272 1377 4351; baseline -0.001 -19"><span class='ocrx_word' id='word_1_188' title='bbox 185 4291 257 4350; x_wconf 88' lang='lat' dir='ltr'><strong>pere</strong></span> <span class='ocrx_word' id='word_1_189' title='bbox 269 4317 375 4332; x_wconf 84' lang='grc'><strong>......</strong></span> <span class='ocrx_word' id='word_1_190' title='bbox 406 4292 550 4350; x_wconf 86' lang='lat' dir='ltr'><strong>magnam</strong></span> <span class='ocrx_word' id='word_1_191' title='bbox 581 4284 736 4351; x_wconf 87' lang='lat' dir='ltr'><strong>praeterea</strong></span> <span class='ocrx_word' id='word_1_192' title='bbox 766 4276 807 4335; x_wconf 88' lang='lat' dir='ltr'><strong>ad</strong></span> <span class='ocrx_word' id='word_1_193' title='bbox 836 4275 941 4335; x_wconf 90' lang='lat' dir='ltr'><strong>omnia</strong></span> <span class='ocrx_word' id='word_1_194' title='bbox 965 4274 1123 4335; x_wconf 90' lang='lat' dir='ltr'><strong>licentiam</strong></span> <span class='ocrx_word' id='word_1_195' title='bbox 1149 4274 1303 4347; x_wconf 82' lang='lat' dir='ltr'><strong>sument,”</strong></span> <span class='ocrx_word' id='word_1_196' title='bbox 1323 4272 1377 4333; x_wconf 92' lang='lat' dir='ltr'><strong>ubi</strong></span> 
     </span>
     <span class='ocr_line' id='line_1_29' title="bbox 185 4369 1378 4449; baseline 0 -20"><span class='ocrx_word' id='word_1_197' title='bbox 185 4369 281 4447; x_wconf 93' lang='lat' dir='ltr'><strong>possis</strong></span> <span class='ocrx_word' id='word_1_198' title='bbox 309 4372 512 4445; x_wconf 80' lang='lat' dir='ltr'><strong>„sumerent”</strong></span> <span class='ocrx_word' id='word_1_199' title='bbox 539 4373 578 4432; x_wconf 84' lang='lat' dir='ltr'><strong>cf.</strong></span> <span class='ocrx_word' id='word_1_200' title='bbox 599 4374 652 4433; x_wconf 91' lang='lat' dir='ltr'><strong>Vs.</strong></span> <span class='ocrx_word' id='word_1_201' title='bbox 681 4375 731 4433; x_wconf 91' lang='lat' dir='ltr'><strong>B.:</strong></span> <span class='ocrx_word' id='word_1_202' title='bbox 760 4411 826 4448; x_wconf 83' lang='lat'><strong>„-</strong></span> <span class='ocrx_word' id='word_1_203' title='bbox 854 4393 889 4433; x_wconf 89' lang='lat' dir='ltr'><strong>zo</strong></span> <span class='ocrx_word' id='word_1_204' title='bbox 917 4373 1028 4433; x_wconf 79' lang='lat' dir='ltr'><strong>zoudcn</strong></span> <span class='ocrx_word' id='word_1_205' title='bbox 1049 4371 1085 4447; x_wconf 86' lang='lat' dir='ltr'><strong>zij</strong></span> <span class='ocrx_word' id='word_1_206' title='bbox 1107 4379 1197 4449; x_wconf 88' lang='lat' dir='ltr'><strong>groot</strong></span> <span class='ocrx_word' id='word_1_207' title='bbox 1217 4372 1316 4430; x_wconf 85' lang='lat' dir='ltr'><strong>verlof</strong></span> <span class='ocrx_word' id='word_1_208' title='bbox 1332 4379 1378 4429; x_wconf 93' lang='lat' dir='ltr'><strong>tot</strong></span> 
     </span>
     <span class='ocr_line' id='line_1_30' title="bbox 181 4467 1377 4548; baseline -0.001 -22"><span class='ocrx_word' id='word_1_209' title='bbox 181 4470 259 4527; x_wconf 84' lang='lat' dir='ltr'><strong>alles</strong></span> <span class='ocrx_word' id='word_1_210' title='bbox 276 4488 338 4527; x_wconf 80' lang='lat' dir='ltr'><strong>aon</strong></span> <span class='ocrx_word' id='word_1_211' title='bbox 353 4471 416 4529; x_wconf 75' lang='lat' dir='ltr'><strong>zich</strong></span> <span class='ocrx_word' id='word_1_212' title='bbox 435 4471 568 4530; x_wconf 83' lang='lat' dir='ltr'><strong>nemen.”</strong></span> <span class='ocrx_word' id='word_1_213' title='bbox 587 4471 637 4531; x_wconf 89' lang='lat' dir='ltr'><strong>Cf.</strong></span> <span class='ocrx_word' id='word_1_214' title='bbox 654 4481 755 4531; x_wconf 82' lang='lat' dir='ltr'><strong>tamen</strong></span> <span class='ocrx_word' id='word_1_215' title='bbox 768 4490 846 4548; x_wconf 91' lang='lat' dir='ltr'><strong>quae</strong></span> <span class='ocrx_word' id='word_1_216' title='bbox 858 4470 940 4532; x_wconf 85' lang='lat' dir='ltr'><strong>infra</strong></span> <span class='ocrx_word' id='word_1_217' title='bbox 960 4471 1000 4530; x_wconf 85' lang='lat' dir='ltr'><strong>ad</strong></span> <span class='ocrx_word' id='word_1_218' title='bbox 1010 4491 1039 4548; x_wconf 92' lang='lat' dir='ltr'><strong>p.</strong></span> <span class='ocrx_word' id='word_1_219' title='bbox 1051 4473 1069 4529; x_wconf 89' lang='lat'>8</span> <span class='ocrx_word' id='word_1_220' title='bbox 1080 4467 1255 4531; x_wconf 87' lang='lat' dir='ltr'><strong>annotaturi</strong></span> <span class='ocrx_word' id='word_1_221' title='bbox 1265 4487 1377 4528; x_wconf 80' lang='lat' dir='ltr'><strong>sumus</strong></span> 
     </span>
    </p>
   </div>
   <div class='ocr_carea' id='block_1_4' title="bbox 0 0 1568 5070">
    <p class='ocr_par' dir='ltr' id='par_1_6' title="bbox 0 0 1568 5070">
     <span class='ocr_line' id='line_1_31' title="bbox 0 0 1568 5070; baseline 0 0"><span class='ocrx_word' id='word_1_222' title='bbox 0 0 1568 5070; x_wconf 95' lang='lat' dir='ltr'><strong> </strong></span> 
     </span>
    </p>
   </div>
  </div>
 </body>
</html>
