3120 5070
762 471 808 542 33

246 675 386 769 Immo,
407 677 465 770 (ut
485 675 600 770 plane
622 674 770 767 dicam,
794 696 895 770 quae
917 673 1114 768 sentiam,)
1136 698 1216 748 non
1229 686 1380 749 tantum

196 809 384 883 vocabula
429 820 471 882 et
508 832 645 883 versus
683 811 722 880 in
761 831 872 882 suam
911 831 994 880 rem
1033 806 1225 882 facientes
1263 812 1380 883 inter·

196 942 289 1014 dum
309 965 333 1014 a
354 945 506 1016 comico
527 954 726 1016 mutuatus
748 965 837 1015 esse
850 941 1005 1015 videtur
1016 940 1287 1036 philosophus,
1308 942 1380 1016 sed

196 1073 299 1147 haud
335 1099 424 1148 raro
463 1078 581 1149 etiam
615 1099 679 1150 res
712 1078 818 1170 ipsas
843 1085 885 1148 et
909 1085 1138 1170 argumenta
1164 1073 1380 1148 fabularum

195 1211 437 1304 respexisse,
484 1213 538 1283 ita
575 1222 618 1283 ut
656 1209 717 1282 hic
757 1209 832 1281 illic
870 1231 950 1282 non
988 1219 1068 1281 tam
1106 1230 1200 1281 suae
1238 1210 1380 1281 aetatis

195 1340 371 1416 homines
392 1355 434 1416 et
454 1345 630 1417 instituta
651 1366 768 1440 quam
788 1366 852 1416 res
872 1344 1057 1439 antiquae
1077 1343 1113 1414 ei
1134 1352 1226 1414 ante
1242 1340 1380 1415 oculos

195 1487 372 1550 versatae
397 1499 485 1550 esse
505 1488 546 1550 et
564 1500 637 1571 pro
656 1477 921 1571 experientia,
946 1497 1047 1572 quae
1061 1486 1236 1568 vocatur,
1258 1473 1380 1548 luisse

195 1607 409 1704 videantur,
455 1609 560 1684 unde
606 1633 672 1704 ea,
719 1632 821 1706 quae
866 1608 1085 1682 theoretice
1128 1607 1379 1701 deduxisset,

196 1739 403 1816 illustraret
427 1743 489 1817 vel
514 1744 711 1840 probaret.
738 1743 813 1816 Ex.
840 1766 897 1840 gr.
924 1766 1012 1815 cum
1039 1744 1078 1813 in
1102 1740 1242 1814 Ethica
1261 1751 1379 1838 para-

195 1873 352 1947 sitorum
384 1878 532 1950 mentio
565 1875 628 1970 fit,
663 1875 894 1950 comoediae
929 1876 1112 1970 antiquae
1139 1875 1378 1946 notissimam

196 2018 237 2080 et
264 2007 347 2082 lere
373 2008 600 2084 sollemnem
627 2033 835 2106 personam
856 2030 1073 2105 agnoscere
1093 2006 1239 2100 malim,
1262 2029 1378 2103 quam

196 2143 329 2216 nescio
359 2167 458 2239 quos
483 2142 677 2240 Spinozae
703 2142 897 2240 aequales.
925 2140 1043 2236 Quod
1068 2140 1171 2213 idem
1198 2140 1302 2213 valet
1327 2139 1378 2213 de

198 2277 455 2371 meretricibus,
482 2276 695 2351 dummodo
722 2276 822 2349 hanc
849 2298 989 2349 vocem
1014 2285 1124 2347 recte
1147 2284 1188 2347 et
1209 2296 1278 2367 e0,
1300 2295 1378 2370 quo

197 2407 322 2482 solent
347 2413 513 2509 antiqui,
540 2435 632 2504 usu,
660 2434 713 2484 sc.
741 2409 792 2483 de
815 2408 1049 2483 mulierculis
1070 2408 1143 2482 illis
1157 2409 1251 2481 satis
1265 2405 1379 2480 cultis

196 2553 236 2614 et
266 2542 509 2639 elegantibus
535 2545 805 2639 interpreteris
831 2566 958 2640 neque
985 2555 1101 2639 putes
1126 2564 1191 2616 me
1217 2552 1378 2615 conten·

194 2674 289 2749 dere
315 2675 508 2771 Spinozae
533 2677 776 2772 temporibus
802 2678 961 2751 omnino
987 2675 1160 2751 defuisse
1181 2675 1377 2768 homines,

189 3047 294 3106 oscula
323 3056 353 3106 et
381 3045 487 3107 omnia
513 3047 635 3108 servilia
661 3067 716 3125 pro
737 3046 949 3108 dominatione
970 3050 1095 3125 agere”,
1117 3049 1211 3108 verba
1230 3048 1325 3126 petita
1345 3067 1383 3108 ex

190 3141 301 3203 Tacito
329 3142 410 3205 Hist
437 3147 468 3220 I,
491 3148 529 3222 36
536 3167 545 3220 3
568 3145 680 3206 deinde
702 3146 777 3220 VII,
801 3161 854 3219 27:
877 3164 1015 3222 „nempe
1035 3146 1118 3222 quod
1139 3145 1171 3205 in
1193 3148 1286 3224 vulgo
1307 3145 1383 3206 nihil

190 3239 346 3302 modicum
365 3252 491 3318 terrere,
514 3243 545 3304 ni
564 3254 706 3322 paveant,
726 3252 757 3304 et
777 3243 861 3319 quod
881 3243 968 3320 plebs
989 3252 1042 3302 aut
1060 3243 1215 3303 humiliter
1229 3242 1321 3303 servit
1330 3253 1384 3304 aut

190 3341 319 3418 superbe
345 3341 520 3403 dominatur
544 3361 601 3402 nec
622 3340 650 3401 ei
669 3341 779 3402 veritas
799 3350 852 3401 aut
873 3339 1051 3400 iudicium.”
1071 3342 1114 3400 cf.
1135 3340 1235 3401 Tacit.
1257 3343 1331 3400 Arm
1352 3343 1384 3414 1,

191 3457 228 3515 29
235 3459 244 3514 3
272 3437 404 3500 ibidem:
433 3440 573 3517 „ubique
599 3439 709 3499 veritas
729 3440 909 3517 plerumque
928 3436 1108 3515 infringitur
1128 3440 1168 3499 ab
1189 3437 1313 3499 infensis
1334 3441 1383 3499 vel

172 3534 361 3615 ,obnoxiisf’
387 3538 425 3598 cs.
453 3537 555 3597 Tacit.
573 3535 655 3596 Hist.
675 3538 691 3596 Ι
699 3581 708 3612 ,
733 3557 757 3596 1.
779 3536 921 3614 Denique
942 3536 1020 3609 VII,
1043 3555 1097 3613 29:
1123 3544 1182 3610 „et
1201 3535 1261 3596 alia
1282 3537 1384 3614 hujus·

188 3635 287 3709 modi,
319 3654 398 3712 quae
425 3645 543 3712 quanto
573 3634 670 3713 magis
701 3633 838 3695 utilitatis
869 3634 1005 3713 imagine
1036 3644 1195 3714 teguntur,
1229 3644 1316 3695 tanto
1342 3635 1383 3695 ad

186 3730 333 3792 infensius
353 3731 511 3793 servitium
532 3733 721 3809 erumpunt”
743 3732 780 3792 cf.
801 3733 899 3794 Tacit.
922 3736 1007 3793 Ann.
1028 3734 1059 3807 I,
1082 3735 1130 3792 81.

229 3832 388 3890 Praeterea
425 3832 597 3908 complures
635 3829 773 3907 singulae
803 3848 893 3890 voces
926 3829 1027 3892 notari
1058 3838 1202 3909 possunt,
1233 3848 1309 3907 quas
1346 3848 1384 3890 ex

187 3926 297 3987 Tacito
328 3929 378 3987 vel
407 3927 550 3988 Sallustio
580 3929 631 3987 rel
661 3926 729 3988 aliis
760 3945 883 4004 quoque
909 3928 1106 4006 scriptoribus
1134 3927 1267 3988 hauserit
1293 3936 1322 3987 et
1350 3926 1383 3986 in

188 4043 275 4084 suum
296 4044 385 4085 usum
407 4024 591 4085 converterit
608 4036 710 4085 noster
716 4045 725 4099 ;
743 4034 774 4085 et
790 4025 918 4085 omnino
935 4028 1097 4086 Tractatus
1115 4023 1280 4100 Politicus,
1297 4023 1383 4085 cuius

187 4132 401 4199 argumentum
437 4121 509 4200 styli
538 4140 634 4200 genus
665 4121 789 4183 liberius
820 4121 956 4182 admittit
985 4132 1015 4182 et
1045 4122 1198 4198 ornatius,
1237 4120 1383 4183 eximium

187 4219 342 4297 specimen
364 4229 395 4280 et
414 4220 634 4280 documentum
655 4221 783 4297 praebet
801 4220 841 4280 ad
861 4221 1128 4296 cognoscendum,
1147 4238 1241 4297 quam
1263 4218 1384 4296 egregie

186 4318 330 4396 antiquos
351 4317 512 4396 scriptores
533 4316 653 4378 noverit
672 4317 804 4395 Spinoza
821 4328 852 4378 et
869 4317 944 4395 quid
961 4316 1025 4395 ipse
1042 4317 1075 4378 in
1090 4317 1200 4379 Latine
1219 4315 1384 4378 scribendo

188 4416 327 4477 valuerit.

1270 4534 1287 4599 3
