3120 5070
766 470 809 524 IO

240 672 378 768 Neque
418 673 529 745 aliter
563 676 601 745 in
638 674 795 768 singulis
830 672 1029 746 vocabulis
1065 672 1299 767 usurpandis
1333 695 1376 745 se

193 809 314 900 gessit
336 809 522 901 scriptor,
547 809 691 902 quippe
713 809 779 903 qui
800 807 858 903 (ut
877 818 1028 879 tantum
1050 830 1097 878 ea
1116 805 1376 900 complectar,

195 963 294 1035 quae
341 962 572 1035 unaquaque
614 939 698 1012 fere
737 943 878 1036 pagina
916 940 1141 1036 occurrunt)
1173 950 1268 1037 prae
1304 962 1378 1034 pro

187 1081 338 1169 propter
374 1072 491 1169 idque
526 1075 564 1145 in
599 1076 803 1147 sententiis
838 1076 1014 1170 positivis
1044 1085 1149 1146 amet
1171 1071 1377 1165 adhibere,

194 1208 449 1299 comicorum,
472 1208 621 1301 opinor,
645 1231 757 1280 usum
772 1209 961 1296 imitatus;
984 1219 1136 1299 contra,
1153 1205 1245 1279 dum
1260 1208 1376 1279 etiam

194 1341 232 1410 in
262 1338 320 1412 his
346 1342 607 1412 recentiorem
633 1341 876 1434 potissimum
902 1338 1156 1412 Latinitatem
1183 1350 1376 1432 sectatur,

195 1473 360 1569 apprime
380 1472 484 1569 (cum
506 1472 627 1546 verbo
649 1472 915 1569 coniunctum)
939 1497 1010 1567 pro
1031 1473 1237 1570 imprimis,
1261 1473 1377 1544 iuxta

194 1629 266 1701 pro
300 1604 517 1699 secundum,
553 1606 686 1702 absque
718 1630 790 1701 pro
824 1608 904 1679 sine
935 1605 1137 1699 adhibeat3
1184 1607 1249 1702 qui
1283 1603 1376 1676 idem

194 1764 295 1832 eum,
318 1741 360 1812 iu
375 1748 523 1813 lantum
532 1796 542 1830 ,
567 1750 749 1830 econtra,
772 1741 1001 1813 extrinsecus
1014 1739 1224 1832 adiective,
1245 1747 1380 1810 utcun-

197 1898 263 1969 que
308 1872 599 1966 adverbialiter,
644 1873 847 1970 lucusque,
889 1872 1029 1946 medius
1067 1896 1137 1968 pro
1177 1871 1378 1945 dimidium

196 2006 389 2103 proferat3
417 2006 585 2102 denique
611 2009 676 2102 qui
704 2006 826 2103 quoad
848 2031 937 2080 cum
962 2006 1059 2079 Ace.
1083 2030 1154 2101 pro
1179 2003 1380 2101 qrraalalti-

196 2151 257 2215 nel
287 2141 340 2214 ad
370 2154 411 2214 et
436 2141 582 2214 nullibi
603 2165 675 2236 pro
702 2167 906 2238 nusquam,
931 2143 1246 2236 suspectissimae
1271 2137 1380 2210 Lati-

196 2279 327 2349 nitatis
353 2300 492 2370 voces,
519 2278 663 2371 passim
689 2288 862 2370 usurpet.

244 2409 387 2503 Porro,
422 2411 523 2482 sicut
557 2412 632 2481 iam
667 2411 705 2480 in
732 2409 996 2504 superioribus
1022 2407 1205 2481 nonnulla
1232 2409 1381 2479 rariora

197 2546 322 2617 notari
361 2555 545 2639 possunt,
585 2547 638 2616 ita
677 2547 716 2615 in
748 2544 910 2617 vocibus
945 2542 1134 2638 eligendis
1170 2541 1379 2636 Spinozam

197 2676 390 2751 interdum
417 2677 634 2774 elegantiae
657 2678 811 2751 cuidam
834 2677 1028 2752 studuisse
1050 2675 1381 2771 deprehendimus

197 2823 238 2884 et
285 2835 575 2907 nonnumquam
622 2835 843 2885 sermonem
891 2834 1126 2904 exornasse,
1172 2810 1264 2883 dum
1306 2831 1380 2903 pro

197 2945 297 3017 tritis
330 2944 528 3017 vocabulis
562 2947 744 3018 inusitata
775 2956 816 3017 et
841 2945 992 3040 longius
1019 2945 1207 3016 arcessita
1232 2942 1378 3014 inserit.

197 3077 330 3172 ltaque
363 3080 575 3172 praecipue
609 3080 648 3149 in
682 3079 875 3173 epistulis,
904 3079 1053 3152 scilicet
1079 3080 1117 3148 in
1145 3075 1284 3171 quibus
1309 3098 1378 3169 po-

197 3213 386 3283 tissimum
421 3211 560 3284 talibus
592 3212 740 3285 deliciis
765 3213 874 3286 locus
902 3223 1027 3304 esset,
1055 3211 1116 3282 hic
1143 3209 1217 3281 illic
1244 3208 1381 3281 locuti-

197 3369 294 3419 ones
320 3348 611 3441 exquisitiores,
638 3347 839 3440 flosculos,
862 3360 904 3419 ut
927 3349 1050 3439 aiunt,
1072 3368 1191 3420 voces
1211 3342 1378 3440 denique

198 3501 304 3551 raras
332 3490 371 3550 et
393 3478 662 3574 absconditas,
687 3483 803 3551 immo
827 3480 948 3553 semel
963 3478 1023 3552 vel
1037 3479 1096 3552 bis
1111 3487 1201 3565 aaa}
1214 3485 1380 3566 λεγόμενα,

198 3634 297 3705 quae
324 3611 515 3704 dicuntur,
544 3614 781 3706 intersparsa
808 3615 991 3685 invenias.
1019 3611 1084 3685 Sic
1111 3624 1291 3686 auctore
1315 3635 1379 3684 co-

197 3746 385 3816 micorum
405 3768 586 3817 sermone
608 3755 806 3817 mutuatus
829 3768 917 3818 esse
936 3745 1105 3818 videtur:
1128 3771 1164 3817 se
1177 3745 1379 3834 dissolvere,

196 3878 436 3975 saepiuscule,
464 3877 579 3951 denum
607 3878 709 3976 (Eth.
738 3879 802 3972 lll,
829 3896 888 3972 47,
913 3878 1048 3975 schol.)
1073 3903 1121 3953 eo
1142 3903 1279 3972 sensu,
1302 3901 1381 3973 quo

197 4011 339 4085 Graeci
360 4014 399 4086 ai
418 4024 623 4107 usurpant,
640 4013 858 4085 temerarius
877 4013 1164 4108 proferuntur,
1181 4012 1231 4084 ad
1245 4035 1380 4084 recen-

196 4147 317 4218 tiores
344 4156 474 4218 autem
502 4147 714 4240 scriptores
741 4144 948 4218 referenda
974 4158 1079 4219 sunt:
1102 4145 1379 4242 aJy‘nndrirrlum,

199 4280 240 4349 in
281 4279 476 4375 precinctu
487 4336 497 4369 ,
539 4280 580 4350 in
619 4287 859 4369 antecessum,
898 4278 1133 4369 adinvenire,
1172 4279 1360 4376 speciatim
1369 4335 1383 4368 ,

197 4410 401 4501 animilus,
441 4411 670 4508 epistolium,
710 4411 861 4501 naviter,
901 4435 1065 4507 quorum
1105 4422 1305 4505 postrema
1344 4412 1384 4480 in
