3120 5070
753 455 800 542 67

237 673 417 748 Conferri
448 661 582 767 potest
616 673 744 768 paullo
779 673 876 745 infra
904 675 967 761 84:
997 674 1365 771 „ostendimusque,

187 807 293 905 quod
319 806 433 879 ideae
458 805 594 898 fictae,
622 806 762 899 falsae,
790 818 830 879 et
856 818 1038 880 caeterae
1065 806 1235 881 habeant
1257 832 1366 880 suam

188 943 376 1036 originem
387 940 407 970 ’³
449 952 644 1036 etqseqq.,
684 941 748 1012 ubi
783 943 922 1013 iterum
959 943 1040 1013 sine
1073 940 1191 1012 dubio
1226 940 1357 1033 „etc”

187 1074 308 1148 voluit
334 1084 483 1146 auctor.

238 1342 303 1430 87:
345 1336 417 1430 „In
450 1338 522 1411 hos
554 1362 617 1411 cir.
649 1362 725 1434 gr,
761 1338 867 1435 quod
901 1342 1081 1413 extensio
1109 1340 1253 1413 debeat
1279 1364 1366 1414 esse

189 1478 226 1548 in
253 1475 359 1567 loco,
392 1472 535 1546 debeat
562 1495 650 1545 esse
676 1471 802 1564 finita,
830 1475 939 1568 cujus
966 1486 1099 1568 partes
1126 1475 1174 1547 ab
1201 1478 1366 1547 invicem

189 1608 474 1703 distinguunter
501 1606 684 1678 realiter''
713 1618 888 1703 etqseqq.
935 1611 941 1624 ⁶

236 1741 325 1816 Non
345 1764 546 1837 assequor,
566 1763 635 1811 cur
655 1738 769 1812 Land
788 1739 1086 1813 Coniunctivum
1103 1741 1368 1836 „distinguan-

188 1876 277 1947 tur”
305 1875 577 1948 introduxerit.
606 1872 809 1946 Sententia
833 1875 1004 1970 „cujus”
1028 1886 1204 1972 etqseqq.
1227 1877 1368 1947 seriem

187 2008 477 2100 attributorum,
512 2029 613 2103 quae
648 2006 697 2078 ad
724 2010 997 2079 extensionem
1026 2007 1232 2095 referenda
1259 2019 1367 2099 sunt,

189 2166 241 2215 sc.
271 2144 337 2234 „in
364 2142 468 2233 locO,
498 2140 631 2212 finita”
661 2143 879 2234 continuat3
907 2152 968 2213 est
988 2143 1103 2236 igitur
1125 2164 1262 2213 revera
1283 2164 1368 2213 sen-

188 2277 310 2348 tentia
350 2274 528 2366 relativa,
568 2276 621 2345 ita
660 2284 703 2344 ut
737 2273 970 2346 indicativus
1005 2277 1044 2345 in
1070 2274 1142 2346 Ed.
1169 2274 1229 2345 Pr.
1259 2287 1367 2346 recte

189 2431 275 2481 sese
302 2407 446 2480 habere
474 2406 662 2486 videatur.

236 2697 301 2767 99:
343 2719 420 2767 „-
456 2675 681 2770 requiritur,
717 2685 779 2766 ut,
815 2676 1097 2770 quamprimum
1127 2674 1210 2747 fieri
1236 2687 1367 2770 potest

187 2821 227 2881 et
254 2811 352 2881 ratio
379 2809 567 2903 postulat,
595 2808 862 2904 inquiramus'’
892 2819 1068 2905 etqseqq.

237 2940 336 3014 Cum
362 2944 401 3012 in
427 2940 555 3014 verbis
581 2941 734 3014 traditis
761 2942 853 3014 illud
882 2965 1029 3038 „quam
1055 2945 1220 3036 primum
1237 3000 1366 3012 ......

188 3075 287 3145 ratio
309 3073 511 3167 postulat'’
537 3073 764 3168 intellegere
780 3098 858 3146 non
872 3078 1037 3168 possim,
1060 3078 1237 3169 suspicor
1250 3073 1369 3147 verba

188 3207 243 3279 sic
264 3204 556 3298 transponenda
579 3228 685 3279 esse:
711 3210 950 3304 „requiritur
972 3220 1012 3280 et
1035 3210 1133 3279 ratio
1148 3206 1366 3300 postulat;”

186 3362 265 3434 quo
297 3337 403 3410 sacto
438 3341 632 3412 sententia
668 3341 761 3412 satis
796 3340 934 3413 leniter
960 3339 1178 3434 procedere
1205 3339 1367 3412 videtur.

240 3624 304 3677 102
330 3616 370 3676 et
397 3625 475 3697 103.
502 3605 602 3700 Quia
622 3617 708 3678 toto
731 3605 805 3678 hoc
828 3606 916 3679 loco
931 3605 1106 3699 perlecto
1121 3617 1285 3700 apparet
1298 3629 1369 3699 per

187 3737 306 3810 verba
321 3735 604 3835 „Antequam”
621 3750 797 3835 etqseqq.
814 3741 1057 3810 ratiocinium
1073 3750 1113 3810 et
1128 3738 1368 3810 demonstra-

186 3873 333 3944 tionem
348 3894 427 3942 non
440 3870 679 3965 procedere,
701 3870 772 3945 sed
786 3873 916 3965 potius
931 3871 1209 3964 praecedentia
1223 3875 1368 3964 repeti,

187 4002 393 4096 explicari,
420 4002 619 4096 illustrari,
646 4027 764 4098 porro
791 4028 880 4076 cum
906 4003 1025 4077 verba
1051 4004 1114 4076 illa
1134 4026 1206 4098 per
1227 4003 1369 4075 nullam

186 4137 503 4208 coniunctionem
522 4135 787 4230 superioribus
802 4135 1077 4230 adiungantur,
1101 4138 1231 4209 omnia
1245 4136 1307 4208 illa
1320 4137 1369 4211 ab

189 4267 472 4363 „Antequam”
496 4268 689 4365 usquead
713 4269 838 4362 „Hic,
862 4281 905 4341 ut
919 4268 970 4341 ad
983 4272 1227 4366 propositum
1240 4293 1370 4344 rever·
1448 4283 1452 4290 ’

186 4402 281 4491 tar,‘’
317 4425 418 4497 quae
454 4426 476 4474 a
512 4402 703 4476 nonnullis
729 4402 1007 4497 interpretibus
1032 4405 1097 4476 vix
1124 4413 1234 4478 recte
1257 4405 1278 4481 i¹
