3120 5070
760 464 799 533 81

239 686 305 758 Vs.
330 685 370 756 B.
393 684 490 756 haec
514 682 646 755 effert:
669 682 767 776 „dat
785 686 836 775 is,
856 683 968 779 gelzjk
990 683 1087 777 yder
1102 685 1139 754 in
1154 681 1203 753 de
1217 693 1371 754 nature-

191 821 278 916 lijke
315 831 437 910 stant,
465 842 510 890 zo
538 817 644 889 heeft
671 818 750 889 ook
776 816 842 889 het
868 816 1005 911 geheel
1032 816 1215 911 lighaam,
1244 838 1293 886 en
1320 813 1370 886 de

190 952 303 1045 ziel,”
333 964 508 1047 etqseqq.
532 974 606 1022 sc.:
632 949 737 1042 „hoc
761 961 839 1042 est„
862 959 905 1021 ut
925 951 1186 1044 unusquisque
1208 950 1246 1018 in
1267 959 1370 1020 statu

190 1085 372 1177 naturali,
400 1088 455 1158 sic
483 1084 642 1176 etiam,''
671 1096 847 1181 etqseqq.

239 1350 328 1423 ibid.
374 1368 434 1422 10:
477 1372 596 1442 „nam
636 1347 737 1419 nulla
776 1346 866 1418 mihi
904 1359 981 1438 est,
1021 1358 1063 1419 ut
1102 1346 1192 1419 olim
1228 1346 1370 1419 Christi

191 1483 398 1578 Discipulis
433 1494 610 1577 potestas
643 1481 744 1573 suit,
761 1479 940 1575 ejiciendi
968 1481 1124 1574 spiritus
1150 1478 1369 1551 immundos

191 1629 232 1689 et
257 1615 425 1689 faciendi
453 1615 672 1688 miracula.''

238 1750 304 1824 Vs.
332 1751 393 1822 B.:
426 1761 562 1842 „want
589 1748 629 1819 ik
655 1747 730 1820 heb
757 1745 854 1838 niet,
881 1745 994 1841 gelijk
1021 1747 1166 1841 eertijts
1193 1743 1370 1816 Christus

189 1883 441 1977 Leerlingen,
477 1881 526 1954 de
553 1881 683 1953 macht
707 1904 782 1952 van
808 1879 844 1951 d'
872 1881 1033 1951 onreine
1058 1891 1221 1974 geesten
1248 1879 1303 1948 uit
1329 1888 1369 1948 te

190 2040 347 2111 werpen
382 2039 430 2088 en
464 2014 757 2088 wonderdaden
782 2025 821 2085 te
849 2012 982 2085 doen''
1011 2013 1032 2082 i.
1061 2034 1094 2083 e.
1122 2034 1241 2103 „nam
1268 2008 1370 2081 nulla

191 2149 281 2221 mihi
320 2161 400 2242 est,
440 2160 482 2220 ut
519 2148 609 2221 olim
649 2146 791 2219 Christi
830 2144 1037 2238 Discipulis
1072 2143 1159 2235 suit,
1193 2152 1369 2237 potestas

191 2281 410 2378 ejiciendi‚”
439 2294 615 2378 etqseqq.

238 2549 280 2622 (ἶ.
321 2548 366 2621 V.
408 2568 449 2619 2:
487 2546 654 2640 „Qualis
687 2556 817 2619 autern
850 2546 1113 2642 cujuscunque
1140 2542 1292 2637 lmperii
1319 2544 1368 2614 sit

189 2694 331 2773 status,
364 2680 477 2753 facile
509 2702 560 2751 ex
586 2678 662 2750 fine
690 2678 824 2751 Status
852 2678 982 2750 Civilis
1009 2678 1275 2772 cognoscitur:
1304 2677 1367 2771 qui

187 2816 336 2890 scilicet
375 2813 499 2886 nullus
537 2813 633 2885 alius
668 2825 745 2905 est,
781 2837 896 2909 quam
931 2835 1008 2906 pax
1042 2813 1221 2905 vitaeque
1258 2832 1366 2882 seeu-

188 2947 315 3021 ritas.''

239 3078 442 3151 Sententia
481 3082 612 3176 utique
653 3079 857 3170 reclamat,
894 3090 936 3149 ut
970 3080 1199 3171 iniungatur.
1232 3076 1366 3169 „Qua-

188 3211 233 3285 lis
271 3224 400 3286 autem
439 3215 599 3310 optimus
634 3216 897 3308 cuiuscunque
932 3213 1080 3304 imperii
1116 3213 1164 3282 sit
1199 3210 1364 3302 status,'’

189 3357 364 3443 etqseqq·
1011 3440 1013 3445 Α

235 3480 301 3552 Vs.
342 3480 401 3552 B.:
439 3480 578 3572 „lllaar
614 3478 831 3573 hoedanige
867 3490 970 3551 stant
1004 3500 1077 3548 van
1110 3475 1208 3569 yder
1242 3476 1364 3548 Heer-

186 3615 360 3708 schappy
388 3613 620 3705 alabastris,
648 3612 756 3684 word
783 3611 1004 3707 lichtelijk,”
1033 3622 1207 3706 etqseqq.

235 3877 325 3951 ibid.
362 3896 401 3970 5:
436 3923 515 3970 ‚,—
545 3882 663 3951 vitam
687 3878 892 3950 humanam
920 3876 1090 3971 intelligo
1108 3933 1237 3946 ......
1264 3899 1363 3971 quae

186 4014 355 4083 maxime
376 4010 563 4104 Ratione,
583 4036 675 4085 vera
689 4012 831 4084 Mentis
845 4014 986 4083 virtute
1002 4021 1041 4081 et
1054 4011 1132 4080 vita
1146 4007 1362 4080 definitur.”

233 4144 468 4238 Exemplum
489 4145 690 4218 Versionis
711 4145 835 4239 Belg.‚
859 4147 987 4215 omnia
1009 4142 1105 4214 haec
1127 4144 1268 4214 misere
1285 4152 1363 4212 tur-

185 4275 330 4369 bantis,
358 4289 506 4369 monet,
533 4289 575 4349 ut
596 4277 724 4371 paullo
748 4276 888 4350 clarius
910 4276 1206 4369 distinguamus:
1231 4296 1362 4369 „quae

184 4412 352 4482 maxime
368 4410 549 4502 Ratione,
565 4432 656 4481 vera
670 4410 811 4481 Mentis
825 4413 966 4481 virtute
980 4420 1020 4481 et
1034 4411 1128 4500 vita,
1145 4406 1360 4480 definitur.''

1255 4525 1276 4587 6
