3120 5070
768 465 814 535 88

202 688 272 761 sed
294 688 476 783 quicquid
497 686 715 783 hujusmodi
737 711 759 758 a
781 687 892 759 nobis
914 686 1005 781 fingi
1027 689 1169 780 possit,
1193 685 1231 756 id
1252 688 1377 780 ipsum

202 844 244 894 se
272 822 516 913 subvertere3
544 821 609 894 Sic
636 820 784 893 docet''
813 832 989 915 etqseqq.

251 955 453 1028 Sententia
471 954 681 1047 claudicat,
705 978 792 1026 cum
817 978 889 1048 pro
912 953 1097 1025 infinitivo
1111 955 1380 1027 coniunctivus

203 1088 462 1180 „subvertat”
498 1087 752 1160 desideretur.
784 1082 887 1157 Audi
914 1085 980 1158 Vs.
1008 1086 1067 1157 Β.;
1098 1109 1177 1178 „en
1202 1085 1316 1182 gelijk
1343 1087 1379 1159 al

98 1193 102 1204 ¹
202 1221 230 1292 ’t
261 1244 381 1316 geen,
418 1221 485 1293 dat
517 1224 573 1317 wij
611 1245 661 1315 op
693 1221 788 1292 deze
815 1223 918 1315 wijze
946 1220 1104 1291 konnen
1130 1219 1377 1312 verdichten,

202 1354 284 1426 zich
310 1355 385 1427 zelf
403 1367 592 1449 omwerpt
613 1379 663 1428 en
689 1354 929 1449 vernietigt.'’

251 1622 360 1695 ibid.:
389 1624 509 1715 „quia
535 1623 789 1715 repugnantia
811 1622 920 1714 ponit
943 1644 994 1691 ex
1017 1643 1133 1692 sensu
1154 1619 1375 1693 Auctoris.”

251 1755 316 1827 Vs.
343 1755 403 1826 Β.;
433 1755 787 1848 „repugnantiam”
814 1754 954 1848 legisse
981 1752 1144 1846 videtur,
1164 1778 1263 1850 quae
1279 1753 1376 1828 haec

202 1888 335 1961 habet:
377 1891 565 1981 „vermits
604 1887 659 1960 dit
698 1886 924 1983 strijdigheit
959 1889 1105 1981 insluit,
1141 1887 1302 1983 volgens
1328 1888 1378 1961 de

202 2025 357 2117 mening
382 2045 456 2093 van
483 2020 532 2093 de
559 2021 773 2118 schrijver.”
879 2114 882 2121 ¹

253 2289 362 2360 ibid.:
400 2289 545 2380 „Ponit
570 2290 719 2384 itaque,
747 2287 873 2360 Deum
899 2287 1105 2383 Prophetis
1132 2301 1378 2382 argumento-

203 2444 285 2492 rum
320 2422 468 2494 selectu
502 2426 743 2517 permisisse,
771 2434 814 2494 ut
840 2446 886 2494 ea
912 2421 1172 2494 adhiberent”
1200 2433 1375 2520 etqseqq.

251 2554 427 2627 Restitue
463 2557 710 2649 „selectum”
744 2557 900 2629 favente
936 2559 1052 2628 etiam
1086 2555 1151 2628 Vs.
1179 2556 1240 2626 Β.;
1278 2555 1378 2647 „dat

202 2686 292 2760 God
314 2687 350 2760 d'
373 2689 581 2783 uitkiezing
602 2689 671 2761 der
693 2690 875 2786 bewijzen
898 2713 971 2761 aan
995 2690 1043 2761 de
1065 2689 1250 2761 Profeten
1272 2689 1378 2762 heeft

201 2820 460 2914 toegelaten.'’
586 2839 588 2842 ⁴

251 3087 374 3159 ibid.:·
392 3088 573 3181 „Auctor
599 3091 711 3163 aliam
738 3091 926 3164 rationem
955 3095 1136 3165 virtutum
1163 3115 1251 3164 esse
1277 3093 1375 3165 arbi·

201 3232 334 3313 tratur,
367 3233 428 3312 ut,
458 3234 648 3317 quatenus
676 3227 777 3297 intus
804 3227 842 3295 in
869 3224 1001 3296 Mente
1029 3225 1260 3316 subsistunt,
1289 3225 1375 3297 illae

202 3377 355 3448 semper
382 3366 557 3426 naturam
585 3380 692 3428 suam
719 3370 892 3449 servant,
921 3382 1047 3453 neque
1075 3382 1098 3429 a
1124 3361 1374 3430 circumstan-

200 3489 339 3558 tiarum
366 3487 536 3560 mutabili
563 3501 665 3561 statu
691 3491 899 3585 pendent.''

250 3618 385 3713 Meyer
420 3623 521 3713 „ut”
557 3624 770 3695 tollendum
806 3627 959 3717 statuit3
988 3627 1145 3696 omnino
1172 3635 1297 3716 recte,
1327 3623 1374 3695 cf.

200 3751 326 3845 paullo
363 3778 496 3847 supra:
533 3755 694 3848 „Ponit,
730 3759 919 3828 rationem
945 3760 1128 3829 virtutum
1155 3756 1375 3848 moralium,

200 3897 392 3979 quatenus
419 3886 504 3959 illae
531 3890 568 3957 in
596 3889 844 3962 societatibus
865 3914 977 3962 usum
996 3890 1174 3962 habent.”
1198 3902 1372 3986 etqseqq.

200 4017 350 4089 Deinde
387 4021 490 4112 „ut”
527 4024 661 4093 inserit
693 4034 782 4116 post
817 4023 1106 4115 „subsistunt‚”
1142 4026 1195 4094 ita
1221 4034 1263 4094 ut
1290 4045 1375 4094 sen-

199 4154 320 4222 tentia
346 4152 433 4243 fiat,
463 4153 726 4247 „subsistunt,
754 4167 796 4227 ut
822 4155 937 4228 illae''
965 4169 1141 4254 etqseqq.

248 4282 396 4356 Tamen
431 4287 660 4360 indicativus
690 4287 829 4361 modus
855 4289 1062 4362 verborum
1089 4289 1307 4382 „servant”
1337 4300 1376 4360 et

199 4415 434 4509 „pendent”
485 4424 620 4492 testari
662 4421 832 4515 videtur,
873 4426 911 4494 in
949 4423 1019 4495 Ms.
1061 4425 1374 4496 coniunctionem
