3120 5070
824 452 873 537 64

265 694 372 742 maar
405 655 486 742 niet
517 694 625 743 omse
661 683 699 743 te
725 671 880 767 bewijse
906 673 1008 744 noch
1035 697 1098 745 om
1124 684 1165 744 te
1191 673 1442 744 verklaaren.''

314 805 385 877 His
415 805 592 877 omnibus
618 828 808 899 apparere
835 816 930 900 puto
959 786 1161 899 interpreti
1188 806 1334 878 Batavo
1361 817 1442 878 tam

265 938 505 1033 autographa
539 938 731 1032 Spinozae
763 939 995 1012 Hollandica
1021 963 1136 1034 quam
1164 964 1299 1012 eorum
1325 943 1443 1012 versia

265 1096 380 1145 onem
418 1072 597 1144 Latinam
631 1085 790 1167 praesto
823 1073 962 1166 fuisse,
1000 1098 1099 1169 quae
1134 1075 1184 1146 ad
1209 1073 1443 1146 Versionem

265 1231 373 1279 suam
406 1207 601 1302 Belgicam
635 1207 918 1279 conficiendam
954 1207 1169 1281 adhiberet.
1197 1208 1284 1280 Hoc
1311 1220 1442 1280 autem

264 1363 311 1412 ea
337 1344 487 1413 ratione
514 1341 659 1413 factum
687 1365 774 1414 esse
801 1387 847 1395 —
874 1345 912 1413 in
939 1343 1203 1436 superioribus
1230 1346 1332 1415 enim
1358 1355 1442 1415 tan-

264 1485 345 1545 tum
366 1498 430 1566 ea,
455 1498 554 1569 quae
574 1477 743 1547 maxime
765 1479 978 1569 conspicua
1002 1488 1128 1569 erant,
1153 1479 1376 1549 enumeravi
1394 1522 1441 1535 —

264 1618 305 1677 ut
343 1607 585 1700 potissimum
619 1609 860 1704 autographa
886 1612 970 1704 ipsa
997 1609 1200 1683 adhiberet
1228 1633 1441 1705 eorumque

263 1741 424 1836 vestigia
461 1754 651 1835 servaret,
687 1745 893 1838 unicuique
920 1743 980 1815 vel
1006 1746 1131 1837 primo
1158 1746 1297 1815 intuitu
1323 1747 1442 1815 mani*

264 1873 405 1946 festum
432 1874 516 1948 fore
543 1879 735 1948 existim0.
768 1876 801 1972 1)

265 2086 472 2101 ’ᾕ-

302 2225 328 2294 1)
350 2223 396 2281 Cf.
427 2235 596 2299 praeterea,
627 2243 705 2301 quae
733 2226 822 2283 Land
848 2223 1009 2283 annotavit
1035 2224 1075 2283 ad
1103 2243 1149 2300 ep.
1171 2225 1358 2283 XXXVIII:
1381 2245 1446 2297 „ex

258 2318 392 2379 editione
419 2322 542 2398 Belgica
566 2326 631 2398 ipsa
651 2325 782 2382 auctoris
803 2325 908 2398 verba,
930 2323 986 2382 etsi
1006 2322 1046 2381 ab
1067 2322 1174 2381 amicis
1194 2321 1335 2381 nonnihil
1355 2342 1446 2399 expo,

236 2474 239 2478 ,
257 2416 324 2491 lita,
344 2419 521 2493 addImuS,''
542 2440 598 2480 nec
620 2441 682 2480 non
703 2423 743 2480 ad
765 2442 831 2499 epp.
854 2424 927 2495 XL,
950 2423 1063 2494 XLIV,
1085 2423 1125 2493 L,
1147 2422 1213 2480 LII.
