3120 5070
788 488 838 555 44

264 690 440 765 Tertium
459 714 583 786 genus
602 713 797 782 errorum,
821 688 928 785 quod
941 712 993 760 ex
1007 687 1149 762 eodem
1163 688 1272 762 fonte
1287 692 1400 784 origi-

214 848 304 898 nem
330 827 469 917 traxit,
497 848 550 898 sc.
579 847 631 897 ex
657 847 726 917 eo,
757 822 863 920 quod
890 823 1064 896 editores
1090 827 1260 897 auctoris
1282 823 1401 896 verba

214 982 350 1053 parum
377 958 697 1054 assequebantur,
722 960 983 1052 interpunctio
1006 970 1067 1031 est
1081 958 1247 1030 turbata.
1262 957 1401 1053 Neque

214 1092 276 1164 hic
301 1091 406 1164 illum
433 1091 733 1187 interpungendi
759 1115 910 1164 morem
936 1090 1401 1187 v010,quemSpInozae

214 1227 413 1320 proprium
439 1224 558 1298 suisse
585 1225 699 1298 Land
724 1226 746 1297 I.
762 1225 784 1297 I.
808 1211 845 1320 p
873 1244 913 1318 15
938 1224 1136 1319 perhibet,
1160 1226 1303 1320 quique
1323 1223 1400 1295 lec-

214 1361 289 1431 tori
324 1360 389 1431 vix
428 1381 578 1431 moram
613 1361 760 1452 iniciat,
798 1359 869 1432 sed
903 1360 1002 1432 tales
1028 1358 1156 1451 IOCOS,
1193 1357 1258 1430 ubi
1284 1359 1400 1430 inter-

214 1493 374 1585 punctio
421 1515 540 1585 prava
588 1491 765 1565 ordinem
811 1493 1091 1566 sententiarum
1130 1502 1171 1564 et
1209 1493 1400 1564 ratiocinii

214 1647 442 1717 processum
481 1624 697 1698 turbaverit
736 1636 777 1697 et
816 1624 953 1698 lectori
991 1624 1271 1718 impedimento
1311 1647 1401 1697 esse

213 1760 347 1851 possit.
387 1756 461 1829 Ex.
496 1780 552 1852 gr.
588 1782 667 1830 vox
704 1757 995 1854 quondoquidem
1028 1757 1090 1830 hIc
1124 1758 1199 1830 illic
1228 1757 1401 1830 editores

214 1902 458 1963 transversos
479 1893 577 1986 egit,
602 1893 667 1987 qui
689 1913 794 1984 eam,
818 1893 893 1964 etsi
916 1893 1009 1964 satis
1030 1889 1275 1987 frequentem
1295 1889 1400 1984 apud

214 2035 408 2116 nostrum,
445 2035 578 2097 tamen
604 2024 799 2099 interdum
826 2023 999 2097 adverbii
1025 2024 1113 2097 Ioco
1140 2023 1321 2097 habuisse
1347 2024 1400 2096 vi-

215 2154 375 2251 dentur,
398 2157 446 2230 cf.
472 2156 603 2231 Tract.
625 2157 706 2230 Pol.
729 2156 829 2250 VIII,
857 2179 887 2250 1,
911 2157 976 2230 ubi
999 2157 1071 2229 Ed.
1094 2157 1220 2229 Princ.
1244 2168 1285 2229 et
1305 2157 1399 2228 item

214 2290 346 2363 Land:
387 2335 467 2384 „—
500 2294 704 2387 imperium
738 2303 871 2365 tamen
906 2293 1215 2365 aristocraticum
1241 2292 1398 2364 omnino

215 2427 298 2496 erit.
326 2423 654 2522 Quandoquidem
681 2425 801 2498 nuIIi'’
830 2437 1026 2521 etqseqq.,
1049 2447 1150 2521 quae
1164 2425 1240 2496 iam
1253 2422 1398 2495 Brude-

214 2581 279 2630 rus
321 2558 458 2632 melius
497 2583 568 2653 per
607 2583 760 2633 comma
798 2561 1104 2652 interpunxerat.
1145 2556 1266 2630 Simili
1305 2558 1398 2629 vitio

213 2691 365 2764 laborat
391 2691 440 2765 de
463 2695 529 2765 int.
552 2717 625 2766 em.
650 2695 715 2766 86:
742 2695 1019 2787 „conveniant
1040 2689 1397 2786 Quandoquidem''

213 2836 253 2897 et
301 2843 387 2897 100:
428 2829 616 2919 „existat
653 2824 1022 2921 Quandoquidem”,
1050 2847 1166 2921 quem
1192 2836 1398 2920 utrumque

213 2957 342 3031 Iocum
382 2962 528 3033 rectius
562 2983 633 3054 per
667 2982 821 3032 comma
855 2958 1033 3032 distInxit
1066 2958 1133 3031 Vs.
1160 2958 1264 3052 Belg.
1291 2955 1398 3029 Idem

214 3105 345 3164 autem
372 3095 544 3166 occurrit
579 3095 617 3164 In
643 3117 741 3167 voce
768 3102 960 3185 coeterum,
989 3090 1119 3165 Tract.
1145 3091 1226 3164 Pol.
1255 3090 1303 3183 II,
1336 3092 1396 3162 16:

208 3459 283 3517 haec
311 3459 466 3534 legantur:
491 3468 642 3535 „possunt
662 3457 775 3536 quippe
798 3458 938 3518 homines
958 3457 1138 3516 excusabiles
1159 3473 1223 3514 esse
1243 3464 1273 3514 et
1293 3454 1401 3513 nihilo·

207 3554 307 3613 minus
327 3554 517 3616 beatitudine
538 3557 668 3618 carere.”

249 3651 391 3728 Denique
411 3654 471 3712 huc
492 3665 628 3730 spectare
649 3653 778 3726 videtur,
801 3653 884 3728 quod
907 3655 960 3712 Vs.
983 3653 1017 3711 Β.
1039 3650 1071 3710 in
1097 3649 1308 3727 Corrigendis,
1337 3647 1401 3723 (ubi

208 3751 291 3810 haud
312 3769 379 3810 raro
400 3751 543 3828 negativa
563 3770 685 3827 quoque
704 3750 854 3827 particula
875 3749 1052 3824 restituitur)
1074 3749 1114 3807 ad
1136 3768 1183 3824 ep.
1195 3750 1236 3806 LI
1256 3748 1400 3821 „Certum

208 3857 267 3921 est,
290 3866 401 3924 nempe
422 3849 522 3925 quod,
543 3852 571 3907 si
586 3849 727 3924 fatearis
745 3867 781 3906 ea
802 3851 938 3922 existere,
961 3865 1023 3906 non
1045 3856 1147 3906 tamen
1169 3846 1290 3919 credas,
1313 3864 1403 3922 quae·

207 3946 278 4005 dam
299 3964 405 4004 eorum
426 3965 490 4006 esse
510 3946 628 4006 animas
651 3957 839 4006 mortuorum
851 3947 878 4015 ‚'’
900 3964 978 4021 quae
1000 3946 1094 4004 verba
1116 3944 1187 4004 satis
1206 3944 1401 4004 recteredde·

206 4045 318 4102 bantur
338 4063 406 4120 per:
428 4047 520 4118 „Een
542 4047 616 4104 zaak
637 4045 662 4103 is
682 4046 780 4118 zeker,
801 4054 831 4103 te
853 4055 949 4102 weten
971 4044 1040 4117 dat,
1062 4063 1110 4102 zoe
1126 4045 1179 4118 gij
1198 4046 1261 4102 niet
1278 4043 1404 4102 ontkent

206 4143 262 4200 dat
289 4142 334 4216 eij
364 4140 408 4200 'er
436 4145 518 4218 zijn,
551 4141 591 4219 gij
622 4144 682 4202 ook
703 4142 766 4202 niet
787 4143 917 4218 gelooft,
938 4142 992 4201 dat
1012 4141 1122 4217 enigen
1144 4159 1204 4199 van
1225 4140 1263 4199 de
1283 4141 1400 4199 zelfden

207 4237 302 4298 zielen
331 4259 391 4298 van
412 4250 552 4316 gestorve
574 4241 740 4300 menschen
762 4240 859 4316 ziJn,¹’
884 4252 986 4299 tamen
1009 4239 1169 4314 deinceps,
1191 4237 1341 4297 sententia
1360 4238 1401 4296 ob

206 4335 313 4396 seriem
336 4338 533 4414 negationum
545 4338 646 4397 minus
657 4349 830 4415 perspecta,
848 4336 1028 4414 particulam
1047 4335 1222 4413 negativam
1233 4334 1401 4395 tollendam

205 4444 292 4510 putat
313 4445 358 4494 et:
382 4455 444 4508 „zo
464 4436 505 4512 gij
529 4437 687 4510 outkent,'’
710 4436 905 4496 scribendum
928 4454 992 4494 esse
1013 4433 1155 4510 iniungit.
