3120 5070
765 499 809 566 41

195 709 298 774 rtaat
330 700 462 794 was’';
495 722 595 796 quae
623 699 771 794 singula
797 700 895 773 haec
921 699 1141 796 significant
1168 714 1381 796 „respectu

196 835 295 908 illius
313 834 429 930 longe
444 832 797 928 imperfectioribus
809 834 841 927 ’';
859 891 879 927 „
890 858 979 907 cum
992 833 1204 907 voluntatis
1217 835 1379 909 Divinae

196 972 354 1060 naturd,
396 991 507 1060 „non
546 979 630 1039 erat
667 967 771 1040 aliud
805 992 920 1064 quam
956 969 1119 1061 privatio
1148 970 1381 1065 perfectioris

194 1102 352 1176 status.”
724 1201 725 1204 Ἴ

246 1234 372 1329 Quam
399 1233 604 1306 manifesto
632 1236 737 1306 etin
764 1258 879 1330 quam
904 1235 1085 1331 gravibus
1099 1236 1216 1310 rebus
1229 1235 1301 1309 Ed.
1316 1237 1377 1309 Pr.

196 1378 237 1441 et
256 1366 527 1462 autographon
548 1366 609 1439 hic
631 1368 731 1438 inter
744 1390 785 1439 se
801 1367 1045 1462 discrepent,
1068 1371 1142 1442 etsi
1157 1371 1188 1442 is
1202 1369 1377 1462 demum,

195 1503 260 1598 qui
278 1512 402 1574 totam
416 1499 621 1595 epistulam
636 1499 836 1594 relegerit,
861 1500 974 1595 plane
990 1505 1225 1596 persentiet,
1247 1515 1379 1577 tamen

195 1636 313 1708 etiarn
339 1633 400 1706 vel
428 1636 482 1708 sic
497 1633 627 1706 elucet
636 1661 645 1727 ;
670 1656 757 1705 cum
772 1645 902 1706 autem
917 1637 1036 1728 ipsius
1051 1635 1244 1731 Spinozae
1259 1637 1379 1710 verba

195 1767 425 1861 habeamuS,
453 1770 518 1840 vix
542 1766 876 1842 demonstratione
899 1792 998 1864 opus
1012 1793 1100 1843 esse
1115 1770 1279 1864 videtur,
1302 1795 1378 1867 qua

195 1902 405 1996 probemus
430 1903 618 1997 genuinas
644 1901 834 1975 lectiones
860 1904 899 1973 in
925 1902 1167 1997 autographo
1192 1903 1276 1977 solo
1299 1926 1378 1977 ser-

195 2046 304 2108 vatas
326 2057 425 2108 esse.
450 2032 599 2107 Tamen
621 2036 705 2128 ipsa
719 2057 874 2130 quoque
890 2037 1084 2108 sententia
1097 2037 1136 2107 in
1149 2036 1238 2109 loco
1252 2038 1377 2131 primo

195 2179 275 2240 tam
301 2179 436 2274 aperte
464 2169 713 2261 negationem
738 2166 905 2264 flagitat,
933 2179 976 2240 ut
1001 2169 1083 2240 iure
1110 2170 1261 2243 mireris
1274 2172 1377 2244 viros

196 2301 335 2375 doctos
362 2313 441 2374 tam
468 2300 534 2373 diu
560 2303 599 2373 in
625 2300 768 2373 tradita
794 2301 963 2374 lectione
992 2305 1244 2397 acquievisse.
1277 2305 1309 2399 1)
1336 2304 1378 2377 ln

195 2435 284 2508 loco
311 2434 481 2508 secundo
509 2434 599 2507 nihil
625 2459 724 2529 opus
751 2446 812 2509 est
835 2458 1042 2531 quaerere,
1065 2410 1250 2532 quidnam
1271 2450 1378 2511 esset

193 2568 254 2641 illa
293 2569 504 2661 „voluntas
544 2568 696 2642 divinae
732 2569 925 2642 naturae”
963 2569 1222 2664 subobscura,
1249 2593 1377 2667 neque

193 2723 353 2775 monere
392 2704 432 2774 in
458 2703 601 2776 tradita
626 2704 796 2777 lectione
822 2706 943 2778 totius
970 2704 1045 2777 loci
1072 2727 1213 2779 nervos
1240 2704 1375 2797 incidi,

196 2832 316 2930 (quod
342 2833 456 2907 facile
483 2848 666 2931 apparet,
694 2837 907 2911 dummodo
933 2837 1053 2910 verba
1076 2811 1196 2911 artius
1218 2861 1376 2932 compo-

192 2979 351 3040 nantur:
380 2980 687 3066 „praeterquam
713 2970 819 3067 quod
845 2993 1025 3065 magnam
1048 2972 1086 3042 in
1109 2970 1196 3043 Deo
1210 2982 1377 3064 poneret
1475 3055 1477 3058 ,

193 3101 546 3196 imperfectionem,
576 3105 607 3176 si
634 3105 839 3199 quicquam
868 3114 1005 3176 contra
1027 3104 1110 3199 ejus
1124 3103 1375 3176 Voluntatem

191 3233 304 3308 fieret
330 3280 376 3289 -
404 3237 521 3308 etiam
555 3238 711 3309 omnino
745 3260 833 3308 cum
860 3236 1072 3309 Voluntate
1100 3236 1185 3309 Div.
1214 3249 1375 3311 naturae

192 3368 430 3464 pugnaret”)
472 3393 559 3441 cum
599 3380 706 3441 totus
745 3369 855 3442 locus
894 3368 1008 3463 plane
1048 3369 1195 3443 indicet
1229 3373 1290 3465 agi
1326 3371 1375 3443 de

192 3513 362 3593 „natura
387 3502 598 3576 voluntatis
625 3501 820 3575 Divinae''
849 3514 966 3599 atque
994 3505 1047 3575 ita
1070 3514 1110 3575 et
1131 3505 1375 3576 ratiocinium

191 3646 300 3708 recte
327 3634 518 3729 procedat
544 3647 585 3708 et
611 3635 720 3708 locus
748 3639 797 3708 sit
824 3636 873 3708 illi
899 3644 1030 3724 κλίμακι
1055 3635 1116 3708 vel
1138 3636 1374 3731 gradationi,

191 3791 291 3864 quae
318 3770 529 3842 instituitur
554 3792 625 3863 per
646 3767 738 3840 illud
761 3769 987 3862 „omnino”
1013 3769 1192 3866 Denique
1205 3771 1245 3841 in
1259 3773 1375 3844 tertio

191 3900 278 3974 loco
313 3903 374 3975 vel
409 3905 581 3995 unicum,
616 3902 722 3999 quod
757 3905 941 4000 sequitur,
970 3903 1172 3977 relativum
1200 3905 1373 4001 „quem”

191 4056 272 4107 rem
312 4035 470 4108 conficit
509 4048 549 4109 et
587 4037 797 4110 lectionem
836 4037 1022 4110 Batauam
1060 4038 1252 4131 vindicat,
1287 4062 1375 4110 cum

189 4237 404 4249 -—-——-.-

227 4343 257 4424 1)
290 4343 371 4404 Vide
396 4355 499 4406 tamen
530 4349 636 4424 Meyer
664 4348 696 4407 in
717 4349 857 4410 versione
879 4349 995 4408 Batava
1016 4347 1211 4425 epistularum
1232 4347 1380 4426 Spinozae

184 4461 213 4519 p.
238 4462 295 4515 104
317 4451 347 4502 et
371 4459 436 4520 105.
