3120 5070
753 499 798 587 87

232 717 305 811 Ep.
332 718 424 789 XL:
449 721 588 813 „sique
610 718 720 811 mihi,
745 741 786 791 se
811 743 898 790 eum
921 742 972 789 ex
994 719 1067 790 alio
1088 719 1184 791 libro
1203 718 1360 791 alterius

185 851 331 945 plebei,
360 853 428 945 qui
450 875 605 947 quoque
633 852 752 923 nitide
779 851 950 924 scribere
976 865 1157 944 noverat,
1190 851 1360 947 descrip-

102 976 104 980 ’
186 985 283 1058 sisse
319 998 359 1057 et
391 988 446 1058 sic
474 988 512 1055 in
539 985 727 1057 infinitum
753 984 962 1080 procedat,
990 988 1021 1056 is
1047 986 1137 1056 mihi
1164 1009 1242 1057 non
1268 985 1361 1057 facit

187 1119 314 1190 satis.”

236 1250 371 1344 Meyer
399 1249 565 1342 „dicat”
593 1253 769 1334 inseruit3
797 1263 836 1322 et
864 1274 956 1322 sane
983 1251 1059 1322 tale
1085 1251 1177 1345 quid
1205 1254 1360 1324 omnino

187 1383 441 1456 desideratur.

236 1516 301 1589 Vs.
335 1517 396 1587 Β.;
435 1540 517 1609 „en
552 1516 597 1613 hij
625 1516 772 1611 daarop
799 1540 872 1588 aan
898 1520 957 1613 mij
986 1517 1194 1610 antioceni,
1223 1517 1290 1589 dat
1316 1518 1361 1616 hij

147 1626 155 1639 ’
187 1622 216 1721 ’r
240 1653 296 1722 uit
330 1673 405 1721 een
438 1649 560 1721 ander
585 1649 689 1722 boek
716 1674 789 1721 van
816 1673 889 1720 een
916 1649 1038 1722 ander
1063 1673 1228 1745 gemeen
1255 1676 1362 1745 man,

188 1783 251 1856 die
285 1784 364 1857 ook
399 1783 567 1878 cierelijk
601 1784 679 1856 kon
713 1783 918 1880 schrijven,
945 1785 1242 1878 uitgeschreven
1268 1785 1362 1878 had,

188 1942 232 1989 en
263 1916 333 1988 dus
366 1927 418 1989 tot
452 1919 493 1988 in
525 1921 554 1988 ’t
588 1917 782 2012 onez'ndz'g:
815 1941 861 1989 zo
896 1917 1054 1990 voldoet
1088 1917 1133 2013 hij
1161 1922 1220 2014 mij
1248 1920 1362 1990 niet.”

189 2049 321 2145 Itaque
360 2051 442 2123 fere
481 2053 704 2146 suspiceris,
743 2050 843 2123 Edd.
877 2063 970 2123 vett.
1006 2074 1143 2123 vocem
1175 2075 1362 2146 „respon-

190 2182 310 2255 deat”
340 2187 420 2257 sive
446 2185 546 2257 male
574 2187 756 2279 scriptam
784 2187 864 2256 sive
891 2185 990 2256 male
1018 2185 1157 2256 lectam
1184 2187 1222 2255 in
1246 2209 1365 2279 „pro-

190 2317 336 2389 cedat”
363 2331 546 2391 mutasse.

240 2584 348 2656 ibid.:
395 2629 472 2677 ‚,—
517 2597 557 2657 et
596 2587 658 2655 cui
696 2584 899 2658 doctrinae
937 2609 1047 2657 suum
1086 2609 1156 2679 per
1194 2608 1366 2657 errorem

193 2742 382 2790 summum
410 2741 625 2814 congruere
653 2718 798 2813 putat.”

241 2851 349 2946 Lege
379 2853 549 2944 „suam”
577 2877 630 2925 sc.
659 2852 887 2925 doctrinam.
915 2850 973 2924 cf.
996 2852 1066 2924 Vs.
1093 2852 1152 2923 Β.;
1182 2875 1262 2944 „en
1288 2864 1368 2925 met

192 2985 316 3056 welke
356 2985 478 3081 lering
516 2985 561 3081 hij
602 2985 652 3058 de
691 2989 804 3081 zijne,
845 2984 946 3058 doch
986 2997 1066 3057 met
1104 2984 1153 3056 de
1191 2997 1369 3081 grootste

193 3117 344 3212 doling,
371 3119 461 3190 acht
487 3126 657 3192 overeen
683 3132 723 3191 te
749 3119 926 3191 komen.’'

245 3383 333 3457 ibid.
362 3430 439 3477 „—
467 3385 541 3457 Dei
567 3388 801 3479 potentiam,
829 3407 928 3479 quae
947 3386 1059 3478 juxta
1081 3395 1240 3456 naturae
1263 3384 1370 3479 leges

195 3519 402 3590 exeritur.”

244 3651 380 3745 Meyer
408 3653 687 3744 „exercetun’”
716 3652 865 3724 Tamen
890 3651 1049 3724 verbum
1078 3651 1305 3743 „exerere”
1333 3653 1371 3722 in

198 3784 270 3855 hac
298 3808 340 3856 re
362 3798 469 3857 recte
492 3784 666 3857 adhiberi
685 3784 857 3878 videtur3
881 3784 928 3856 cf.
954 3783 1066 3855 infra:
1092 3786 1176 3876 „ita
1198 3796 1241 3855 ut
1261 3796 1372 3857 actus

197 3918 247 3989 illi
281 3921 452 4010 externi,
487 3922 518 3991 si
552 3922 784 4014 tempestive
811 3943 889 3991 non
916 3931 1126 3990 exerantur
1137 3918 1168 4010 ,’'
1196 3930 1370 4015 etqseqq.

246 4185 356 4258 ibid.:
382 4185 753 4278 „Quemadmodum
775 4190 905 4282 itaque
929 4210 1000 4258 nos
1021 4185 1069 4258 ab
1084 4185 1158 4258 hoc
1172 4188 1372 4278 univers0‚

199 4319 358 4413 ejusque
398 4318 565 4415 legibu5‚
606 4319 819 4391 secundum
854 4343 949 4414 quas
985 4329 1092 4391 ortus
1128 4330 1167 4391 et
1197 4319 1374 4391 interitus

198 4475 327 4523 rerum
345 4451 458 4544 fiunt,
479 4476 557 4524 non
576 4454 769 4546 possimus
783 4451 926 4547 aliquid
941 4450 1134 4524 diversum
1149 4453 1373 4544 concipere,
