3120 5070
755 480 803 570 39

185 725 282 798 quos
320 701 380 774 vel
419 703 503 795 ipse
544 699 766 771 emendavit
801 698 861 771 vel
896 700 946 772 ab
973 699 1136 772 aliorum
1164 701 1368 775 conatibus

184 834 409 927 vindicavit,
439 832 582 906 deinde
605 835 643 904 in
666 832 838 905 editione
862 832 1026 929 Hagana
1048 833 1152 905 idem
1167 834 1368 908 consilium

184 966 351 1039 fideliter
376 977 416 1038 et
443 965 609 1038 feliciter
634 965 866 1039 observavit.

234 1099 384 1172 Tamen
428 1103 545 1173 etiam
584 1111 675 1195 post
713 1099 875 1172 alteram
914 1099 1117 1194 Haganam
1156 1099 1368 1173 editionem

185 1233 313 1306 locum
351 1256 439 1306 esse
478 1235 608 1305 manui
647 1232 920 1325 emendatrici,
960 1233 1225 1328 probaverunt
1251 1235 1367 1305 inter-

185 1378 318 1461 pretes
365 1368 606 1439 recentiores
644 1365 669 1438 Ι.
710 1366 845 1458 Stern,
886 1368 951 1461 qui
991 1367 1137 1462 aliquot
1176 1365 1368 1462 Spinozae

187 1524 307 1594 opera
333 1501 587 1593 Germanice,
613 1499 677 1572 W.
706 1498 852 1594 Meyer,
880 1503 945 1596 qui
967 1500 1130 1596 plurima
1143 1503 1181 1572 in
1195 1511 1368 1573 nostram

186 1633 370 1705 Batavum
396 1633 564 1728 linguam
585 1635 712 1706 vertit.
737 1632 911 1726 Quorum
935 1633 996 1705 hic
1018 1634 1239 1729 complures
1261 1634 1369 1706 locos

187 1769 435 1864 sagacissime
484 1769 683 1860 tractavit,
722 1766 928 1840 nonnullos
967 1770 1205 1861 transposuit
1243 1767 1304 1839 vel
1331 1769 1370 1839 in

187 1899 345 2005 dubium
391 1903 563 1993 vocavit,
609 1898 802 1972 interdum
842 1902 959 1972 etiam
999 1899 1117 1973 verba
1157 1902 1241 1993 ipsa
1280 1922 1369 1971 auc-

187 2033 282 2105 toris
322 2031 487 2105 feliciter
513 2035 696 2105 correxit.
724 2032 786 2103 Ex
812 2033 951 2129 quibus
978 2007 1078 2104 hanc
1104 2034 1369 2105 coniecturam

188 2166 357 2262 exempli
397 2189 515 2239 causa
553 2164 692 2238 afferre
726 2166 859 2238 liceat:
896 2165 983 2237 Eth.
1010 2164 1059 2258 ll,
1093 2188 1202 2260 app:
1235 2163 1370 2260 „quod

187 2310 230 2370 ut
256 2299 359 2371 clare
387 2290 631 2395 intelligatur,
657 2301 922 2393 concipiamus
944 2322 1107 2394 puerum
1121 2322 1263 2395 equum
1278 2300 1371 2369 ima-

187 2433 384 2524 ginantem
432 2455 506 2504 nec
554 2430 657 2532 aliud
702 2434 908 2528 quicquam
952 2430 1265 2527 percipientem'’
1306 2429 1374 2503 ubi

189 2586 364 2660 „equum
405 2563 611 2661 [alatum]’'
647 2564 813 2637 feliciter
846 2566 1010 2637 iniunxit
1043 2567 1254 2659 interpreS,
1295 2563 1371 2637 lor-

188 2706 293 2768 tasse
332 2721 410 2771 non
451 2710 530 2770 tam
569 2698 793 2771 Editionem
827 2699 1068 2793 Principem,
1102 2722 1217 2794 quam
1244 2700 1370 2793 ipsum

189 2827 380 2924 Spinozae
409 2831 480 2905 Ms.
504 2835 715 2927 corrigens.
738 2834 860 2905 Porro
884 2832 1053 2906 conferri
1066 2842 1247 2926 possunt,
1270 2854 1370 2926 quae

188 2960 434 3058 disputantur
460 2965 511 3038 ad
536 2965 624 3037 Eth.
652 2966 715 3059 lll,
744 2968 801 3058 26,
829 2976 869 3037 et
896 2982 954 3055 273
982 2965 1027 3037 V.
1055 2966 1120 3057 38,
1148 2975 1189 3036 et
1214 2965 1369 3057 passim.

237 3096 300 3169 Ex
340 3099 484 3172 Sternii
523 3111 654 3171 autem
688 3101 812 3193 copiis
847 3097 944 3170 haec
976 3097 1209 3192 depromere
1236 3096 1370 3168 liceat:

190 3229 239 3303 de
279 3235 345 3305 int.
385 3258 458 3306 em.
499 3254 560 3325 19,
594 3245 707 3305 nota:
747 3231 869 3325 „nihil
905 3231 954 3304 de
982 3254 1100 3304 causa
1125 3230 1371 3324 intelligimus

183 3372 334 3460 propter
347 3365 401 3460 id,
424 3367 530 3463 quod
544 3370 582 3438 in
596 3365 740 3438 effectu
755 3364 1074 3438 consideramus''
1090 3363 1155 3437 ubi
1171 3361 1370 3459 „praeter”

191 3502 380 3587 restituit3
418 3498 506 3572 Eth.
547 3499 610 3592 lll,
649 3501 716 3592 48,
756 3498 875 3570 dem:
913 3499 1031 3593 „quia
1058 3497 1208 3569 scilicet
1233 3496 1373 3566 Petrus

190 3636 301 3732 huju's
334 3633 395 3707 vel
422 3632 520 3705 illius
546 3632 695 3729 effictus
721 3655 838 3704 causa
866 3653 953 3703 esse
981 3628 1279 3703 consideratur''
1308 3627 1373 3700 ubi

191 3767 403 3865 „affectus”
420 3768 578 3861 corrigit
593 3765 709 3839 Stern
717 3795 726 3858 ;
750 3787 837 3836 cum
852 3774 892 3836 et
905 3762 1045 3836 Versio
1059 3762 1216 3859 Belgica
1230 3773 1373 3834 utram-

190 3925 267 3998 que
302 3899 616 3973 emendationem
651 3898 806 3971 disertis
838 3897 966 3971 verbis
1000 3908 1189 3992 agnoscat
1220 3907 1260 3968 et
1288 3919 1373 3968 sen-

190 4036 313 4107 tentia
363 4036 449 4128 ipsa
500 4032 705 4127 utrobique
759 4042 838 4102 tam
885 4030 1093 4104 manifesto
1140 4029 1373 4101 medicinam

191 4168 395 4259 reclamet,
435 4177 478 4238 ut
516 4165 599 4238 fere
639 4168 789 4238 mireris
827 4168 919 4239 vitia
958 4166 1020 4238 illa
1059 4178 1139 4238 tam
1178 4162 1243 4234 diu
1270 4165 1373 4235 viros

191 4300 332 4374 doctos
359 4298 533 4394 effugere
559 4301 745 4392 potuisse.

240 4434 352 4527 Quae
374 4457 462 4506 cum
486 4435 539 4504 ita
562 4435 656 4526 sint,
677 4432 780 4505 haud
804 4434 937 4505 inutile
959 4432 1112 4505 videtur
1127 4432 1176 4505 de
1191 4431 1374 4503 Editione
