3120 5070
757 461 805 530 34

184 664 323 759 quibus
358 662 519 734 aliorum
552 684 709 734 mensas
744 663 946 733 Circumire
983 660 1152 734 studium
1179 672 1281 752 erat,
1309 661 1371 734 vel

185 796 349 868 feminas
376 817 543 888 corpore
570 817 641 866 suo
668 806 872 890 quaestum
899 793 1101 867 facientes.
1134 796 1167 889 1)

233 930 355 1027 Porro
384 953 472 1002 cum
498 927 770 1023 philosophum
797 940 877 1005 tam
903 927 987 1001 fuse
1011 927 1062 1000 de
1083 929 1232 1024 superbo
1255 951 1371 1023 agen-

186 1074 265 1135 tem
305 1060 653 1156 deprehendimus
694 1063 850 1132 minime
885 1061 1074 1134 absonum
1110 1064 1202 1153 erit,
1240 1063 1279 1132 in
1314 1060 1372 1133 his

186 1218 342 1292 quoque
364 1193 595 1268 vocabulum
618 1204 658 1265 et
680 1194 903 1289 exemplum
926 1193 1009 1266 lere
1031 1193 1235 1267 classicum
1250 1196 1372 1287 suspi-

187 1331 284 1421 cari,
321 1327 469 1399 scilicet
504 1329 587 1399 eius
622 1328 721 1419 vitii,
757 1326 863 1422 quod
898 1329 1108 1421 praecipue
1141 1330 1179 1398 in
1205 1328 1372 1423 antiquis

187 1461 257 1534 illis
284 1460 504 1532 civitatibus
531 1472 571 1532 et
594 1462 753 1555 antiqua
775 1459 837 1531 illa
859 1483 952 1532 vera
973 1459 1153 1533 libertate
1175 1471 1372 1556 tamquam

186 1592 525 1667 invidiosissimum
552 1591 786 1688 reprehendi
814 1605 854 1665 et
879 1595 1055 1665 coerceri
1082 1593 1244 1667 solebat.

235 1726 319 1798 Nec
346 1749 425 1798 non
452 1750 540 1798 cum
567 1738 743 1799 nostrum
765 1730 883 1801 toties
906 1727 955 1799 de
969 1752 1082 1799 avaro
1096 1726 1215 1798 verba
1229 1725 1374 1799 facien·
1475 1810 1477 1813 ,

186 1873 265 1933 tem
293 1862 467 1953 invenio,
496 1862 739 1933 notissimum
768 1873 808 1933 et
834 1864 1004 1934 omniurn
1019 1859 1373 1956 frequentissimum

187 2007 341 2089 typum,
376 2017 491 2089 quem
525 1996 672 2090 antiqui
700 1995 910 2088 scriptores
936 1998 975 2066 in
1001 1993 1193 2088 exemplis
1220 1994 1280 2066 vel
1307 1993 1374 2066 de-

188 2127 483 2199 clamationibus
523 2128 733 2201 moralibus
768 2140 925 2223 praeter
965 2139 1121 2201 ceteros
1159 2129 1199 2199 in
1225 2126 1374 2200 deliciis

187 2258 368 2332 habuisse
403 2260 594 2354 videntur,
628 2261 936 2356 deprehendisse
969 2260 1059 2333 mihi
1094 2261 1229 2334 videor
1255 2272 1373 2357 atque

190 2415 238 2464 eo
265 2395 406 2486 magis,
434 2417 522 2464 cum
549 2394 636 2491 lego
665 2395 766 2488 (Eth.
793 2395 856 2488 Ill,
884 2394 945 2467 aff.
975 2394 1051 2467 del.
1074 2396 1122 2482 48
1145 2394 1302 2488 explic.)
1323 2393 1373 2466 de

190 2547 307 2597 avaro
348 2524 431 2618 illo,
472 2529 555 2621 qui,
593 2527 779 2620 „divitias
818 2531 856 2599 in
889 2552 996 2601 mare
1032 2530 1197 2623 proiciat
1208 2528 1239 2620 ,'’
1268 2525 1374 2623 quod

190 2659 460 2752 antiquitatem
489 2659 603 2754 plane
633 2660 795 2733 redolet.

239 2789 417 2886 Denique
458 2815 573 2887 quam
612 2805 747 2887 aperte
788 2817 1077 2891 nonnumquam
1103 2793 1373 2890 philosophuS,

190 2936 463 3020 praeterquam
497 2925 603 3021 quod
638 2928 722 3020 ipsa
757 2938 900 3020 poetae
935 2927 1054 3015 verba
1081 2927 1227 3019 attulit,
1256 2929 1373 2998 etiam

189 3080 253 3129 res
285 3059 389 3151 ipsas
416 3061 593 3154 antiquas
620 3062 859 3154 respexerit,
888 3063 1034 3154 optime
1062 3059 1296 3155 intellegitur
1322 3083 1373 3132 ex

190 3188 277 3261 Eth.
309 3189 370 3282 IV,
399 3214 486 3286 app.
515 3215 548 3263 c.
580 3214 633 3282 13:
663 3204 738 3285 „ut
764 3194 874 3287 pueri
901 3192 962 3265 vel
989 3192 1282 3285 adolescentes,
1310 3194 1374 3288 qui

190 3335 396 3418 parentum
423 3327 544 3420 iurgia
571 3349 698 3422 aequo
720 3329 848 3399 animo
871 3325 973 3398 ferre
997 3337 1216 3422 nequeunt,
1238 3325 1374 3397 milita-

190 3467 271 3527 tum
315 3456 562 3553 confugiunt,
604 3470 643 3530 et
682 3459 930 3531 incommoda
968 3458 1057 3531 belli
1096 3471 1137 3531 et
1172 3460 1373 3552 imperium

190 3589 405 3682 tyrannidis
452 3615 546 3691 prae
595 3591 821 3665 domesticis
866 3591 1082 3664 commodis
1126 3603 1167 3664 et
1202 3592 1375 3686 paternis

190 3804 405 3812 .—

229 3915 258 3996 1)
280 3919 374 3977 Haud
394 3918 518 3995 illepide
540 3919 713 3978 Martineau
731 3921 750 3978 l.
762 3921 783 3978 l.
801 3918 1031 3993 animadvertit,
1053 3918 1216 3995 Spinozam
1228 3936 1290 3979 non
1301 3918 1380 3978 adeo

187 4018 283 4079 multa
304 4019 398 4076 verba
418 4019 517 4077 iacere
538 4019 576 4077 de
597 4017 716 4078 seminis
724 4040 732 4092 3
753 4038 851 4094 pauca
862 4026 964 4078 autem
975 4017 1043 4091 illa,
1056 4036 1134 4093 quae
1146 4018 1185 4076 de
1194 4017 1231 4076 iis
1242 4015 1379 4091 erdribet,

187 4113 259 4172 talia
287 4133 366 4188 esse,
388 4125 421 4174 ut
443 4115 591 4192 ampliora
614 4115 665 4174 vix
686 4115 853 4175 desideres!
875 4150 915 4159 —
937 4115 1018 4174 Vide
1037 4125 1157 4188 tamen,
1179 4133 1270 4191 quam
1292 4113 1381 4174 facile

186 4222 345 4270 excusetur
366 4223 395 4272 et
416 4214 584 4290 explicetur
604 4215 680 4273 haee
700 4213 909 4290 reprehensio,
930 4213 955 4273 si
976 4213 1120 4272 admittas
1139 4213 1302 4290 Spinozam
1317 4231 1381 4272 non

186 4318 249 4367 tam
270 4310 377 4370 aetatis
398 4330 470 4370 suae
492 4330 584 4387 quam
607 4312 785 4371 comoediae
805 4312 948 4388 antiquae
964 4330 1107 4388 personas
1126 4323 1156 4370 et
1172 4330 1271 4371 mores
1287 4311 1381 4371 intro·

187 4406 318 4467 duxisse.
