3120 5070
754 451 798 540 63

187 675 376 746 intentien
402 698 466 746 om
493 674 542 746 de
570 673 732 746 moeder
757 686 797 746 te
819 675 1050 748 vermoorde
1071 675 1177 748 heeft
1201 677 1364 751 Orestes

188 810 266 884 ook
291 807 459 903 gehad,”
488 807 559 879 Ed.
587 807 647 878 Pr.
675 807 814 880 edidit:
844 832 963 900 „nam
987 808 1136 882 facinus
1158 824 1363 885 externum

187 942 299 1036 fecit,
332 942 520 1036 simulque
547 943 802 1014 intentionem
829 941 879 1013 ad
905 943 1173 1016 trucidandam
1201 957 1363 1019 matrem
1434 984 1458 1034 y

189 1075 352 1148 Orestes
391 1075 550 1147 habuit”
591 1088 682 1168 apte
719 1075 871 1168 „fecit”
906 1078 1127 1172 iniungens,
1165 1103 1240 1172 qua
1266 1103 1363 1153 voce

187 1212 251 1281 vix
279 1232 413 1282 carere
441 1211 578 1303 possis

237 1341 387 1415 Tamen
413 1366 541 1437 neque
568 1342 619 1413 illi
646 1343 720 1414 loci
748 1337 908 1435 desunt,
935 1345 974 1414 in
1001 1344 1139 1438 quibus
1165 1344 1231 1417 Vs.
1259 1346 1362 1441 Belg.

186 1501 274 1549 cum
301 1476 373 1548 Ed.
401 1477 461 1548 Pr.
489 1476 625 1568 faciat,
654 1475 908 1549 dissentiente
935 1479 1188 1573 autographo.
1220 1479 1293 1551 Ex.
1307 1502 1362 1574 gr.
1491 1467 1496 1476 ⁸

187 1613 225 1681 ln
257 1614 400 1704 prima,
440 1635 554 1705 quarn
590 1611 805 1703 attulimus,
847 1612 1010 1706 epistula
1044 1612 1136 1684 XIX
1162 1613 1228 1686 Vs.
1256 1614 1297 1685 B.
1325 1626 1365 1686 et

186 1745 258 1817 Ed.
294 1746 354 1817 Pr.
382 1747 546 1840 pariter:
581 1747 690 1838 „imo
717 1769 805 1817 cum
832 1733 1000 1848 infinitos
1027 1746 1113 1819 aliis
1136 1771 1363 1841 comparare

187 1891 370 1973 respectu
409 1879 507 1951 illius
543 1880 657 1974 longe
686 1880 997 1976 perfectzbrz'bus'’
1026 1879 1188 1952 deinde:
1217 1883 1364 1972 „etiam

186 2015 342 2085 omnino
365 2037 452 2084 cum
476 2013 668 2085 voluntate
689 2014 852 2085 Divinae
871 2026 1026 2087 naturae
1038 2016 1256 2110 pugnaret”
1277 2039 1364 2109 pro-

185 2145 331 2239 ferunt,
353 2171 449 2241 quas
475 2147 665 2219 lectiones
692 2149 729 2219 in
754 2148 1016 2242 superioribus
1037 2160 1233 2243 tamquam
1255 2151 1364 2222 vitio·
1479 2213 1481 2217 .

187 2304 249 2352 sas
276 2283 509 2373 notavimus,
538 2305 626 2352 cum
653 2280 922 2376 autographon
947 2281 1297 2372 „onvolmaakter”
1325 2295 1364 2355 et

187 2425 334 2509 „tegen
374 2414 423 2486 de
463 2426 603 2486 natuur
639 2438 711 2485 van
745 2426 833 2508 gots
867 2414 927 2485 wil
962 2413 1152 2510 streidig”
1188 2415 1362 2509 exhibet,

186 2571 282 2642 quas
317 2572 436 2620 voces
470 2551 584 2620 unice
617 2571 730 2620 veras
762 2571 849 2621 esse
885 2548 1147 2621 iudicavimus.
1174 2549 1215 2620 In
1242 2549 1363 2623 altera

186 2681 370 2776 epistula,
409 2707 461 2754 sc.
490 2682 631 2774 XXIII,
658 2681 724 2754 Vs.
752 2682 793 2752 B.
810 2693 861 2764 ,et
886 2649 957 2753 Ed.
985 2681 1045 2753 Pr.
1075 2682 1304 2777 conspirant
1326 2687 1363 2756 in

185 2839 388 2887 numerum
424 2816 655 2910 singularem
689 2815 770 2908 „ad
797 2817 907 2887 aliam
934 2805 1220 2923 Quaestionem,
1249 2841 1363 2911 quam

183 2950 283 3022 calci
320 2949 520 3043 Epistolae
560 2949 786 3041 addidisti,’'
823 2952 1000 3021 nlmirum
1033 2950 1129 3022 haec
1162 2950 1281 3022 verba
1314 2950 1363 3023 ad

184 3081 295 3175 illud,
319 3084 424 3178 quod
446 3096 618 3176 vocatur,
643 3086 921 3178 postscriptum
944 3083 1159 3156 relerentes
1174 3085 1362 3178 epistulae

183 3216 291 3289 XXII
328 3216 618 3312 Blyenberghii3
666 3229 803 3289 contra
841 3217 1128 3312 autographon:
1176 3228 1275 3308 „wat
1313 3218 1363 3290 de

182 3351 357 3424 anderen
391 3376 552 3447 vraagen
584 3351 761 3445 belangt,
795 3350 858 3422 die
884 3349 929 3424 U.
957 3349 1001 3421 E.
1029 3374 1104 3421 aan
1130 3351 1157 3421 't
1183 3353 1263 3421 eint
1289 3373 1363 3422 van

184 3487 253 3580 sijn
286 3484 390 3559 brief
419 3498 587 3580 gevoegt
622 3485 771 3577 heeft”,
808 3508 907 3578 quae
942 3484 1060 3556 verba
1087 3486 1283 3578 respicere
1310 3487 1362 3556 vi-

182 3618 327 3691 dentur
365 3623 613 3714 quaestiones
651 3619 733 3691 illas
768 3630 828 3691 sat
866 3617 1022 3711 multas,
1071 3639 1170 3711 quae
1210 3619 1247 3687 in
1285 3616 1362 3690 fine

184 3754 304 3847 ipsius
343 3753 533 3847 epistulae
565 3753 672 3824 XXII
706 3752 895 3847 leguntur.
932 3751 1109 3845 Demque
1145 3753 1183 3820 in
1209 3750 1360 3843 ultima,

182 3881 299 3981 quam
334 3887 550 3979 attulimus,
585 3887 752 3981 epistula
783 3885 945 3978 XXVII,
973 3885 1039 3958 Vs.
1067 3885 1107 3955 B.
1135 3895 1175 3955 et
1199 3883 1272 3955 Ed.
1299 3882 1360 3956 Pr.

183 4018 281 4091 haec
316 4019 478 4091 habent:
516 4032 590 4112 „ut
623 4045 750 4093 meam
777 4023 1010 4093 sententiam
1036 4017 1192 4090 cullibet
1219 4016 1361 4088 indica-

181 4177 277 4246 rem,
325 4177 403 4226 non
450 4176 543 4225 vero
591 4153 799 4247 probarem
845 4164 886 4224 et
921 4151 1138 4224 hominibus
1164 4148 1361 4247 persuade-

183 4284 303 4377 rem”,
337 4308 436 4380 quae
471 4288 509 4357 in
542 4285 784 4381 autographo
819 4287 874 4358 sic
904 4285 1101 4380 leguntur:
1130 4306 1225 4374 „om
1252 4282 1363 4355 ieder

181 4441 257 4491 van
297 4422 385 4514 mijn
422 4419 629 4514 gevoelen,
670 4442 719 4490 en
757 4419 938 4517 meening
971 4430 1010 4490 te
1044 4417 1359 4508 waarschouwen,
