3120 5070
762 466 813 550 46

239 682 316 754 iam
344 686 375 756 si
402 684 735 779 circumspicimus
761 684 973 757 subsidium
1000 683 1177 778 aliquod,
1199 683 1250 754 ad
1263 687 1375 757 cuius

190 839 365 889 normam
392 816 582 890 lectiones
608 816 682 890 Ed.
708 817 836 889 Princ.
864 820 1087 912 exigamus,
1114 840 1164 890 eo
1190 817 1373 909 consilio,

190 962 233 1021 ut
259 949 467 1022 collatione
493 949 599 1023 facta
619 950 798 1043 tandem,
821 953 854 1023 si
866 950 951 1022 fieri
964 962 1116 1045 potest,
1138 949 1190 1021 ad
1202 953 1375 1024 auctoris

189 1084 274 1176 ipsa
311 1083 431 1155 verba
468 1083 723 1175 accedamus,
758 1096 917 1178 praesto
944 1095 1006 1156 est
1032 1082 1095 1154 illa
1122 1082 1264 1156 Versio
1288 1083 1375 1156 Bel·

188 1218 294 1310 gica,
334 1239 435 1312 quae
473 1230 636 1289 curante
674 1216 699 1289 1.
726 1217 775 1288 H.
802 1216 1059 1291 Glasemaker
1097 1214 1259 1310 eodem,
1295 1241 1374 1312 quo

190 1348 324 1445 Opera
349 1349 580 1443 Posthuma,
606 1375 709 1424 anno
737 1351 892 1446 prodiit.
919 1350 980 1423 De
1000 1375 1078 1446 qua
1091 1354 1171 1446 egit
1184 1351 1299 1422 Land
1311 1351 1335 1422 l.
1349 1351 1372 1422 l.

189 1506 226 1577 p.
255 1484 277 1555 8
303 1497 344 1556 et
370 1485 408 1554 in
434 1484 598 1578 praesat.
624 1483 698 1557 Ed.
725 1484 824 1580 Hag.
853 1508 889 1578 p.
919 1484 987 1576 VI;
1013 1487 1079 1579 qui
1105 1507 1192 1556 eam
1213 1507 1266 1557 ex
1279 1486 1374 1579 ipsis

190 1614 383 1709 Spinozae
422 1616 512 1690 Mss.
553 1616 696 1690 factam
737 1641 825 1691 esse
858 1617 1081 1709 contendit,
1109 1594 1233 1690 fretus
1258 1618 1373 1711 locis,

193 1749 328 1845 quales
353 1763 443 1823 sunt
470 1750 559 1823 Eth.
586 1751 648 1845 IV,
675 1775 765 1846 app.
792 1771 850 1844 25,
878 1752 943 1823 ubi
968 1750 1036 1823 Vs.
1050 1750 1156 1845 Belg.
1171 1774 1374 1822 numerum

193 1882 362 1976 addidit,
390 1895 430 1956 et
455 1883 544 1956 Eth.
571 1884 634 1977 lv,
662 1901 727 1978 70,
754 1885 819 1957 ubi
845 1906 965 1979 prave
992 1885 1127 1978 tgnavz'
1149 1907 1221 1979 pro
1243 1883 1378 1978 zgrnarz'

190 2017 369 2110 exhibet,
401 2023 434 2112 1)
461 2017 567 2114 quod
592 2021 724 2090 vitium
752 2041 804 2091 ex
824 2020 944 2112 ipsius
966 2017 1159 2112 Spinozae
1181 2018 1374 2111 scriptura

190 2153 315 2225 minus
329 2155 537 2246 perspicua
551 2164 678 2224 ortum
694 2175 781 2225 esse
795 2151 959 2224 videtur.
975 2149 1087 2244 Quae
1102 2152 1133 2222 si
1147 2152 1229 2221 iure
1238 2152 1374 2222 statuit

190 2284 248 2377 L.,
287 2287 481 2358 neminem
520 2284 636 2381 fugit,
669 2297 854 2381 quantum
881 2285 1125 2356 auctoritatis
1149 2282 1261 2356 Vers.
1288 2283 1374 2356 Bel-

188 2421 300 2513 gicae
327 2417 512 2510 accedat,
540 2421 670 2514 itaque
699 2440 846 2512 operae
873 2419 1041 2511 pretium
1067 2416 1221 2489 videtur
1247 2440 1373 2511 pauca
1440 2461 1441 2465 =

190 2549 337 2623 addere
379 2563 419 2622 et
457 2574 535 2623 uno
575 2550 776 2647 alteroque
815 2549 999 2643 exemplo
1034 2549 1237 2642 iudicium,
1266 2549 1373 2645 quod

192 2683 279 2755 tulit
304 2682 362 2774 L,
390 2682 658 2756 corroborare.

236 2815 406 2889 Primum
434 2819 549 2912 igitur
576 2817 825 2890 statuendum
852 2829 932 2909 est,
955 2816 1067 2890 Vers.
1088 2814 1281 2910 Belgicam
1302 2838 1374 2910 per

189 2961 273 3022 tota
305 2947 438 3044 Opera
464 2950 676 3024 Posthuma
702 2954 846 3046 passim
873 2951 1140 3024 additamenta
1165 2949 1371 3042 exhibere,

190 3082 229 3154 id
263 3095 324 3156 est
357 3107 476 3157 voces
502 3083 563 3157 vel
590 3087 823 3178 sententias,
851 3109 950 3182 quae
978 3087 1016 3156 in
1042 3084 1114 3157 Ed.
1140 3084 1266 3156 Princ.
1294 3106 1373 3156 non

189 3229 417 3306 occurrunt;
457 3241 576 3313 quae,
616 3220 690 3292 etsi
729 3243 808 3292 non
841 3221 970 3292 omnia
1005 3219 1161 3291 maioris
1187 3218 1373 3290 momenti

190 3361 296 3442 sunt,
338 3352 390 3423 ita
429 3362 471 3424 ut
510 3364 653 3424 cuncta
691 3375 899 3425 recensere
938 3354 1004 3424 vix
1039 3350 1150 3423 huius
1190 3352 1239 3423 sit
1276 3349 1372 3441 loci,

189 3494 320 3555 tamen
355 3486 510 3557 minime
538 3483 854 3558 dissimulandum
877 3495 938 3557 est
960 3481 1263 3579 unumquodque
1289 3481 1372 3554 sere

191 3615 498 3690 additamenttnn
538 3641 609 3712 per
642 3641 685 3692 se
721 3618 899 3692 sufficere
927 3617 977 3690 ad
1004 3616 1262 3690 evincendum
1288 3638 1373 3689 ver-

190 3753 338 3823 sionem
378 3751 478 3824 illam
521 3775 599 3824 non
639 3775 689 3824 ex
728 3750 800 3823 Ed.
835 3751 961 3824 Princ.
997 3753 1081 3845 ipsa
1116 3750 1177 3823 vel
1211 3773 1262 3822 ex
1290 3752 1373 3823 eius

190 3881 384 3957 schedulis
406 3885 514 3978 prelo
535 3887 768 3977 commissis,
793 3884 864 3958 sed
884 3907 935 3957 ex
956 3887 1076 3979 ipsius
1094 3886 1265 3957 auctoris
1280 3882 1371 3956 Mss

190 4015 411 4089 confectam
456 4039 554 4090 esse.
601 4016 729 4091 Unum
768 4028 809 4089 et
847 4018 1011 4089 alterum
1050 4016 1259 4089 annotabo.
1299 4016 1370 4110 Ep.

227 4328 254 4401 1)
284 4325 454 4384 Fatendum
480 4334 582 4383 tamen
605 4335 649 4384 est
670 4324 703 4384 in
725 4323 922 4402 Corrigendis
944 4328 997 4386 Vs.
1022 4327 1105 4403 Belg.
1128 4323 1241 4401 ubique
1262 4335 1376 4384 rectam

184 4422 348 4483 lectionem
370 4421 621 4498 „onkundigen”
641 4442 697 4500 pro
719 4423 885 4496 „bloden”
906 4423 1033 4484 restitui.
