3120 5070
756 502 799 575 23

186 729 318 780 sumus
332 704 500 778 efficere.
515 702 697 796 Primum,
708 705 799 775 vitia
813 701 876 773 illa
888 703 1110 796 conspicua,
1122 724 1222 797 quae
1232 700 1369 773 horum

185 851 405 932 temporum
437 836 613 909 homines
644 838 768 930 prima
794 835 923 908 lronte
950 834 1117 908 fortasse
1145 833 1369 927 offendunt,

81 1051 84 1056 ,
186 969 391 1045 socordiae
425 971 548 1064 magis
583 991 698 1064 quam
731 970 972 1065 ignorantiae
1006 969 1178 1061 speciem
1205 989 1298 1060 prae
1326 990 1368 1040 se

186 1105 308 1197 ferre,
335 1105 440 1176 etin
468 1104 513 1175 iis
541 1100 798 1175 diiudicandis
825 1103 1015 1174 rationem
1037 1098 1257 1172 habendam
1281 1122 1369 1172 esse

185 1249 405 1332 temporum
452 1247 493 1308 et
532 1258 679 1329 rerum,
730 1260 818 1308 cum
857 1245 897 1307 et
935 1234 1085 1307 illorum
1125 1233 1369 1306 saeculorum

187 1371 362 1444 homines
401 1369 492 1442 talia
530 1372 656 1443 minus
695 1393 853 1443 curasse
892 1368 1116 1461 videantur,
1162 1379 1202 1439 et
1241 1368 1370 1439 omnia

175 1495 250 1576 “illa
276 1505 500 1575 inaccurate
527 1501 587 1575 vel
610 1502 864 1598 neglegenter
891 1524 1080 1596 expressa
1103 1511 1311 1573 occurrant
1332 1501 1371 1571 in

188 1660 308 1732 opere
335 1646 538 1731 postumo,
562 1638 671 1708 cuius
691 1633 853 1708 editioni
873 1645 914 1706 et
935 1634 1092 1707 ultimae
1107 1632 1371 1705 emendationi

193 1781 331 1843 auctor
364 1771 448 1864 ipse
475 1791 660 1863 praeesse
687 1792 765 1840 non
792 1769 974 1862 potuerit.
1003 1765 1230 1840 Cavendum
1258 1768 1376 1860 igitur

187 1915 267 1996 est,
295 1926 344 1974 ne
372 1905 410 1973 in
435 1901 579 1974 iudicio
606 1900 655 1974 de
682 1901 835 1995 linguae
862 1899 1027 1972 Latinae
1049 1901 1188 1994 peritia
1206 1898 1374 1971 ferendo

188 2038 300 2109 nimis
326 2034 544 2109 huiusmodi
571 2036 671 2108 vitiis
693 2034 927 2126 tribuamus,
950 2035 1180 2127 praesertim
1203 2056 1291 2104 cum
1311 2044 1375 2105 sat

189 2169 308 2243 multa
335 2180 494 2242 exstent
520 2166 680 2260 indicia,
708 2166 813 2239 unde
836 2165 1025 2239 efficiatur
1048 2164 1319 2261 philosophum
1333 2166 1373 2235 in

189 2305 318 2399 lingua
364 2285 505 2374 Latina
552 2300 655 2372 haud
702 2299 954 2372 mediocriter
998 2309 1195 2372 versatum
1240 2297 1370 2370 fuisse.

189 2437 308 2510 Immo
331 2434 434 2507 haud
454 2446 603 2506 temere
626 2433 806 2505 affirmari
829 2444 980 2527 potest,
1003 2443 1178 2505 nostrum
1192 2431 1372 2503 Latinam

189 2569 357 2666 linguam
383 2566 483 2640 adeo
511 2566 708 2660 calluisse,
735 2578 796 2659 ut,
820 2589 919 2663 quae
944 2565 1161 2662 significare
1175 2564 1309 2656 vellet,
1333 2576 1373 2636 et

193 2713 302 2775 recte
327 2711 368 2774 et
395 2699 621 2794 commode,
649 2698 862 2793 interdum,
890 2703 921 2773 si
949 2724 1011 2774 res
1024 2703 1078 2773 ita
1092 2700 1231 2794 ferret,
1255 2701 1373 2772 etiam

191 2835 391 2929 eleganter
412 2833 610 2928 explicare
630 2833 815 2927 polleret;
837 2836 1074 2927 comparatis
1087 2843 1218 2905 autem
1233 2855 1374 2928 aequa-

191 2968 282 3041 lium
318 2968 438 3041 literis
473 2979 638 3062 apparet
658 2951 779 3061 eum,
816 2971 890 3040 etsi
917 2970 982 3040 vix
1010 2990 1126 3061 supra
1152 2965 1304 3038 turbam
1331 2987 1372 3037 se

192 3100 373 3194 extollat,
400 3112 532 3173 tamen
560 3124 687 3197 neque
714 3104 815 3173 inter
841 3101 996 3173 ultimos
1024 3099 1222 3173 delituisse
1250 3109 1309 3191 et,
1332 3109 1374 3169 ut

191 3234 312 3307 verbo
325 3262 327 3266 ⁸
340 3233 485 3327 dicam,
509 3234 717 3329 Spinozam
735 3234 807 3305 hac
823 3237 861 3305 in
877 3257 918 3305 re
933 3231 1101 3305 cundem
1115 3233 1198 3305 fere
1211 3231 1374 3328 gradum

192 3369 379 3440 scientiae
413 3379 669 3440 consecutum
706 3390 813 3460 esse,
849 3390 964 3463 quem
993 3390 1128 3438 eorum
1154 3376 1374 3458 temporum

192 3499 333 3572 eruditi
371 3500 547 3573 homines
586 3500 700 3596 vulgo
740 3501 954 3615 obtinuisse
992 3496 1240 3573 existimandi
1275 3508 1374 3570 sunt.

194 3632 311 3727 Quod
333 3635 463 3705 autem
486 3632 536 3704 ad
557 3632 809 3706 Latinitatem
833 3646 872 3706 et
895 3635 1084 3707 sermonis
1105 3655 1247 3727 genuS,
1271 3628 1376 3726 quod

192 3765 366 3839 adhibuit
392 3765 581 3860 Spinoza,
609 3767 767 3858 attinet,
795 3790 922 3862 neque
949 3769 987 3836 in
1014 3765 1072 3837 his
1099 3787 1187 3836 eum
1215 3762 1376 3834 multum

192 3901 242 3973 ab
277 3899 502 3996 aequalibus
536 3899 825 3994 discrepantem
857 3896 1204 3994 deprehendimus,
1233 3898 1378 3992 quippe

193 4036 257 4130 qui
296 4058 388 4107 usus
428 4036 477 4105 sit
510 4032 723 4105 Latinitate
758 4031 819 4105 illa
855 4036 949 4106 satis
977 4035 1138 4127 copiosa
1164 4021 1205 4104 et
1231 4033 1378 4102 variata

193 4191 320 4264 neque
359 4169 471 4239 nimis
503 4169 621 4240 arctis
656 4165 805 4262 legibus
832 4169 1007 4258 astricta,
1036 4189 1135 4261 quae
1162 4177 1254 4236 tunc
1281 4176 1378 4236 tem-

193 4303 300 4396 poris
338 4303 439 4372 inter
477 4302 580 4374 viros
615 4299 755 4373 doctos
791 4302 1006 4374 communis
1038 4298 1156 4372 luisse
1189 4296 1379 4389 videatur,
1470 4300 1473 4305 ’

193 4437 247 4507 ita
273 4443 316 4506 ut
342 4433 424 4505 fere
452 4433 607 4529 vulgata
633 4436 764 4507 vocari
792 4436 926 4528 possit.
