3120 5070
751 485 798 554 86

181 709 310 781 valent
337 707 387 778 de
413 707 470 778 his
497 709 535 776 in
564 704 834 800 sequentibus:
865 727 946 795 „ex
974 703 1112 798 quibus
1133 714 1265 774 tamen
1287 701 1361 774 hoc

183 864 260 912 non
287 838 506 911 evincitur’'
537 850 575 909 et
603 837 722 930 „Qua
749 860 897 931 quaeso
924 839 1073 908 ratione
1097 835 1209 908 nobis
1232 848 1362 908 osten-

183 973 277 1045 dere
300 975 463 1066 poterit,
486 971 589 1042 illum
613 971 783 1042 calorem
798 992 876 1041 non
890 982 1016 1071 ortum
1032 968 1150 1041 fuisse
1165 993 1187 1040 a
1202 970 1363 1040 materia

186 1107 312 1202 aliqua
338 1104 638 1178 subtilissima?’‘

234 1373 306 1465 Ep.
334 1371 465 1443 XVIII.
493 1370 558 1442 Vs.
587 1370 647 1440 B.:
677 1368 764 1461 „sal
786 1371 875 1464 mijn
896 1368 1008 1441 beter
1030 1391 1172 1462 passen
1194 1390 1268 1439 aan
1291 1391 1365 1439 een

186 1505 308 1577 ander
328 1505 384 1576 als
408 1527 481 1574 aen
502 1502 582 1575 UE.
605 1513 645 1573 te
669 1502 843 1596 seggen'’
869 1504 890 1572 i.
907 1525 940 1572 e.
964 1503 1118 1595 „magis
1132 1524 1194 1572 me
1210 1500 1367 1572 decebit

188 1652 230 1711 ut
256 1640 354 1730 aliis,
383 1661 497 1733 quam
524 1635 593 1708 tibi
621 1635 817 1726 narrem'’,
845 1633 951 1729 quod
978 1635 1095 1707 habet
1120 1634 1192 1706 Ed.
1219 1635 1279 1706 Pr.

236 1773 368 1866 Itaque
408 1773 473 1842 vix
513 1792 711 1864 assequor,
752 1768 857 1840 unde
891 1768 936 1839 L.
972 1771 1179 1840 mutaverit
1214 1769 1368 1862 „magis

190 1930 252 1977 me
279 1904 435 1976 decebit
462 1926 577 1998 quam
605 1900 740 1992 alium,
768 1913 812 1972 ut
832 1901 900 1972 tibi
916 1901 1112 1993 narrem”;
1135 1924 1235 1996 quae
1249 1899 1370 1972 verba

189 2041 346 2132 insuper
373 2048 496 2108 totam
522 2036 755 2106 sententiam
782 2036 918 2105 vitiant
945 2046 984 2105 et
1010 2033 1178 2105 turbant.

239 2302 312 2397 Ep.
338 2300 500 2372 XXXI:
523 2344 600 2392 ,‚—
616 2302 697 2392 cui,
720 2303 751 2372 si
765 2302 887 2371 visum
903 2302 955 2370 ita
969 2299 1103 2391 luerit,
1125 2302 1371 2372 committere

191 2447 276 2507 tuto
292 2437 453 2528 poteris,
469 2457 570 2529 quae
585 2457 632 2505 ea
647 2433 697 2505 de
712 2457 754 2505 re
769 2436 844 2505 iam
860 2435 1130 2528 composuisti,
1146 2446 1186 2505 et
1201 2435 1372 2527 recipro-

192 2593 277 2641 cam
304 2567 518 2640 officiorum
545 2579 765 2640 nostrorum
793 2567 1136 2662 promptitudinem
1160 2567 1370 2661 polliceri.''

241 2701 323 2800 Nisi
358 2701 460 2793 „tibi
492 2700 777 2794 reciprocam,”
812 2700 992 2795 iniungis,
1026 2703 1090 2771 vix
1117 2699 1249 2792 video,
1277 2724 1372 2796 quo-

192 2833 309 2906 modo
338 2836 531 2905 sententIa
557 2845 666 2904 recte
694 2832 911 2927 procedere
935 2836 1076 2928 possit3
1105 2832 1153 2904 de
1175 2833 1373 2906 locutione

192 2968 241 3042 cf.
266 2969 338 3062 Ep.
366 2968 527 3039 XXXIII
556 2968 730 3041 eiusdem
760 2967 1031 3064 Oldenburgii:
1062 2980 1202 3060 „certo
1221 2967 1290 3040 tibi
1304 2992 1373 3062 po-

193 3103 287 3173 teris
309 3102 517 3194 polliceri.'‘

242 3234 420 3330 Denique
443 3235 533 3307 audi
558 3235 621 3309 Vs.
645 3236 704 3307 B.:
730 3260 812 3327 „en
833 3262 909 3307 uun
932 3263 955 3307 u
969 3236 1131 3332 zelfeen
1146 3235 1374 3329 onderlinge

193 3367 433 3462 vaerdigheit
459 3393 532 3439 van
560 3391 657 3440 onze
685 3367 856 3462 plichten
882 3368 1083 3440 beloven.‘’

244 3635 317 3728 Ep.
352 3633 529 3705 XXXVI.
558 3633 722 3724 Dubit0‚
751 3657 842 3704 num
869 3632 968 3704 Edd.
996 3646 1089 3706 vett.
1117 3634 1192 3705 Ioci
1221 3647 1375 3706 senten·

193 3772 286 3840 tiam
325 3767 603 3859 intellexerint,
644 3769 709 3862 qui
749 3768 803 3838 sic
843 3765 1109 3838 distinxerim:
1144 3767 1266 3860 „nihil
1297 3791 1376 3839 am-

196 3901 294 3995 plius
326 3902 382 3993 (ut
417 3903 565 3993 notum)
606 3902 678 3971 nisi
713 3899 926 3992 simplicem
960 3901 1166 3973 verborum
1200 3900 1376 3973 ordinem

196 4032 587 4127 praesupponendo.”

245 4166 308 4237 L.:
350 4165 471 4258 „nihil
511 4166 692 4260 amplius,
733 4178 777 4237 ut
815 4179 969 4259 notum,
1008 4169 1080 4239 nisi
1119 4169 1332 4262 simplicem
1345 4168 1376 4260 ,”

198 4312 373 4394 etqscqq.
403 4299 533 4370 Malim
561 4299 850 4372 distinctionem
873 4302 1030 4372 omnino
1053 4300 1211 4394 abesse,
1236 4301 1284 4372 cf.
1304 4300 1377 4394 Ep.

201 4432 319 4503 LVII:
340 4436 558 4527 „supponis
574 4435 675 4504 enim
691 4435 728 4503 in
743 4445 938 4527 conceptu
952 4446 994 4504 ut
1009 4435 1185 4505 certum”
1202 4446 1378 4531 etqseqq.
