3120 5070
813 440 860 509 68

244 663 346 735 lecta
381 661 571 752 videntur,
604 661 735 754 potius
763 663 1026 732 annotationis
1052 659 1112 731 vel
1139 659 1347 752 lemmatis,
1376 661 1428 732 ab

244 806 405 866 auctore
440 797 478 865 in
513 796 686 888 margine
719 795 904 886 appositi,
932 795 1104 887 speciem
1131 816 1226 887 prae
1254 816 1296 867 se
1322 791 1428 865 ferre

244 927 422 1000 videntur
461 938 501 998 et
540 929 655 1020 igitur
693 929 731 997 in
771 926 919 998 calcem
953 929 1118 1020 paginae
1154 926 1427 999 transferenda

246 1084 333 1133 esse
359 1073 556 1156 tamquam
583 1071 695 1152 nota,
719 1083 819 1156 quae
846 1063 884 1132 in
911 1063 1037 1154 ipsum
1060 1072 1290 1133 contextum
1305 1063 1427 1155 irrep-

245 1198 338 1267 serit
365 1218 436 1288 per
463 1217 631 1290 sequens
658 1193 750 1265 illud
778 1193 906 1286 „hic”
933 1194 1049 1287 Quod
1072 1218 1160 1265 cum
1183 1194 1233 1265 ad
1248 1196 1427 1288 superius

246 1351 356 1420 „non
382 1340 442 1399 est
469 1327 580 1423 hujus
606 1327 711 1399 loci''
741 1326 989 1399 referendum
1012 1340 1134 1420 esset,
1157 1339 1288 1399 tamen
1308 1330 1427 1399 inter-

248 1473 381 1554 pretes
416 1460 455 1532 id
489 1460 539 1532 ad
574 1460 635 1532 illa
665 1472 738 1552 „ut
766 1484 836 1532 suo
863 1460 951 1532 loco
979 1460 1215 1532 ostendam”
1245 1472 1428 1554 spectare

247 1593 508 1666 crediderunt.

298 1878 383 1947 104:
424 1863 514 1952 „sin
553 1873 684 1933 autem
718 1884 828 1952 vera,
864 1873 945 1932 tum
980 1859 1144 1932 faciliter
1179 1870 1317 1955 perget
1344 1861 1430 1932 sine

245 1993 320 2064 ulla
348 1996 630 2088 interruptione
659 2017 721 2066 res
749 2016 861 2066 veras
889 1992 979 2064 inde
1007 1992 1242 2065 deducere.”

295 2126 336 2199 Si
363 2149 429 2217 ea,
457 2149 556 2222 quae
583 2129 621 2197 in
649 2125 778 2220 priore
806 2138 917 2220 parte
944 2125 993 2199 de
1015 2125 1081 2220 Sp.
1098 2129 1260 2199 scientia
1274 2126 1430 2222 linguae

247 2258 411 2331 Latinae
445 2258 744 2353 disputavimus,
773 2272 881 2332 recte
909 2284 951 2333 se
978 2260 1140 2353 habent,
1169 2260 1335 2333 dubitari
1363 2263 1430 2332 vix

247 2403 399 2499 potest,
439 2395 530 2488 quin
569 2392 812 2489 aliquatenus
851 2392 1009 2465 modum
1045 2396 1263 2467 excesserit
1294 2392 1431 2486 Land,

247 2527 311 2620 qui
351 2548 422 2618 pro
462 2528 601 2598 vitioso
643 2525 874 2618 „seciliter,''
902 2525 1008 2623 quod
1047 2526 1118 2599 Ed.
1154 2526 1215 2598 Pr.
1249 2527 1430 2620 exhibet,

247 2657 469 2749 „faciliter”
508 2662 682 2755 quamvis
718 2660 942 2732 dubitanter
968 2662 1006 2731 in
1032 2671 1185 2732 textum
1212 2662 1362 2754 recepit
1390 2672 1434 2732 et

245 2790 437 2884 Spinozae
465 2791 738 2864 soloecismum
768 2791 1014 2864 manifestum
1042 2793 1217 2865 obtrusit.

294 2922 472 2996 Conferri
508 2937 663 3018 poterat
698 2925 764 2998 Vs.
792 2927 854 2997 B.:
882 2925 972 3018 „of,
1000 2949 1046 2998 zo
1070 2928 1113 3021 zij
1143 2929 1323 3018 waaris,
1351 2925 1430 2997 dan

241 3057 484 3153 geleekkz'glzjle
505 3057 651 3129 zonder
674 3061 786 3153 enige
810 3058 1061 3154 afbreeking,
1084 3071 1298 3153 voortgaan
1318 3061 1357 3130 in
1378 3058 1431 3130 de

246 3213 348 3261 ware
385 3189 527 3286 dingen
555 3191 650 3262 daar
676 3216 750 3263 van
779 3191 821 3263 al
843 3204 882 3264 te
911 3191 1090 3284 leiden;”
1120 3215 1192 3264 nec
1219 3215 1298 3263 non
1324 3191 1430 3264 idem

246 3323 306 3395 hic
341 3335 530 3396 tractatus
567 3323 696 3417 paullo
729 3349 845 3418 supra
872 3326 967 3419 (61):
999 3327 1125 3416 „etsi
1152 3347 1215 3397 res
1241 3323 1332 3396 ficta
1358 3347 1433 3397 sua

248 3468 385 3528 natura
412 3460 461 3529 sit
488 3481 597 3550 vera,
627 3482 714 3529 cum
741 3481 850 3530 mens
878 3457 928 3529 ad
955 3481 1042 3530 eam
1069 3457 1252 3550 attendit,
1277 3468 1319 3528 ut
1341 3479 1429 3528 eam

247 3590 453 3685 intelligat,
490 3602 530 3662 et
563 3615 613 3663 ex
649 3614 697 3662 ea
730 3591 835 3662 bono
869 3591 1006 3663 ordine
1042 3593 1176 3684 incipit
1211 3589 1428 3682 deducere,

248 3745 347 3817 quae
382 3721 472 3796 inde
507 3735 731 3819 sequuntur,
757 3723 927 3819 feliciter
946 3732 1073 3820 perget
1099 3725 1178 3795 sz'ne
1205 3723 1288 3794 nlla
1315 3723 1434 3794 inter-

249 3855 457 3951 euptzbne,”
485 3869 661 3952 etqseqq.

303 4141 387 4209 104:
413 4121 535 4214 „Nam
551 4145 602 4192 ex
616 4121 720 4193 nullo
731 4121 985 4194 fundamento
1001 4125 1260 4218 cogitationes
1271 4132 1437 4195 nostrae·

249 4257 448 4328 terminari
470 4254 651 4349 queunt.‘’
676 4253 716 4324 ln
739 4253 827 4326 loco
848 4254 992 4327 difficili
1015 4255 1118 4352 (vide
1141 4255 1430 4349 interpretatio-

250 4412 341 4459 num
369 4386 578 4482 licentiam)
606 4386 859 4459 memoranda
887 4401 995 4461 certe
1023 4400 1107 4460 erat
1134 4389 1251 4461 lectio
1277 4388 1343 4459 Vs
1367 4387 1435 4478 B,
