3120 5070
761 501 809 568 24

239 700 390 795 Quodsi
430 705 514 799 quis
553 714 684 798 rogat,
718 727 810 774 num
829 695 1003 775 ¹omnino
1039 702 1130 773 nihil
1165 705 1232 796 sit,
1267 702 1374 799 quod

188 834 419 929 philosopho
458 848 593 909 nostro
631 847 829 932 tamquam
863 836 1062 929 proprium
1097 834 1371 908 vindicandum

188 969 253 1060 sit,
290 966 363 1040 hoc
398 967 544 1061 habe0,
576 968 683 1064 quod
706 971 742 1040 ei
764 967 1044 1063 respondeam,
1073 967 1180 1064 quod
1206 971 1372 1042 orationi

188 1099 380 1195 Spinozae
416 1103 552 1175 saltem
587 1102 831 1199 aliquatenus
865 1101 1061 1196 peculiare
1097 1101 1296 1198 quoddam
1332 1114 1372 1175 et

187 1237 386 1329 proprium
409 1207 531 1308 decus
545 1246 695 1308 asserat
710 1246 749 1307 et
763 1233 866 1307 idem
882 1233 1011 1307 denuo
1025 1247 1203 1329 moneat,
1225 1248 1372 1332 quanto

187 1367 323 1440 melius
350 1367 412 1440 ille
436 1379 475 1440 et
497 1371 674 1462 interius,
698 1392 812 1465 quam
835 1368 1027 1441 nonnullis
1049 1370 1171 1441 visum
1195 1380 1272 1462 est,
1296 1369 1372 1441 La·

187 1502 289 1572 tinos
312 1512 494 1574 auctores
517 1504 679 1574 noverit.
703 1500 857 1573 Etenim
880 1503 918 1572 in
940 1501 1077 1573 Ethica
1092 1504 1236 1596 passim
1250 1480 1399 1574 voces*

187 1631 247 1704 vel
281 1635 455 1728 integrae
490 1659 645 1731 quoque
677 1637 894 1708 sententiae
922 1637 1177 1728 inveniuntur,
1199 1659 1297 1731 quas
1319 1658 1371 1706 ex

188 1764 374 1838 Terentio
397 1769 549 1840 comico
572 1780 768 1842 mutuatus
791 1792 878 1841 esse
903 1780 943 1840 et
966 1772 1004 1840 in
1028 1793 1138 1841 suum
1160 1792 1272 1841 usum
1286 1791 1371 1840 ver-

187 1903 280 1973 tisse
308 1901 462 1974 videtur
486 1902 749 1997 philosophus.
779 1903 854 1996 Qui
881 1902 956 1975 loci
983 1913 1124 1974 ettam
1146 1901 1373 1998 frequenter

187 2046 396 2106 occurrunt
420 2046 460 2106 et
481 2046 560 2106 tam
583 2037 716 2108 intime
738 2060 826 2107 cum
847 2038 932 2130 ipso
953 2047 1143 2108 contextu
1158 2035 1371 2107 cohaerent

187 2176 227 2236 et
262 2170 430 2239 connexi
467 2180 575 2261 sunt,
612 2171 756 2265 quippe
790 2171 854 2265 qui
881 2170 1109 2265 plerumque
1135 2171 1371 2261 interpretes

187 2296 368 2393 effugisse
401 2301 616 2394 videantur,
652 2313 694 2374 ut
727 2302 845 2374 nolim
873 2301 922 2374 de
948 2301 1119 2375 flosculis
1146 2302 1322 2395 cogitare
1348 2322 1371 2370 a

186 2433 371 2525 magistro
393 2434 563 2526 traditis,
588 2458 714 2530 neque
737 2434 787 2506 de
809 2435 984 2508 versibus
1006 2434 1077 2507 illis
1098 2433 1281 2528 vulgatis,
1304 2434 1370 2528 qui

185 2565 391 2659 unicuique
412 2569 451 2636 in
470 2590 539 2638 ore
561 2591 649 2639 esse
664 2566 809 2659 solent,
835 2565 905 2640 sed
919 2578 961 2638 ut
975 2569 1105 2661 potius
1120 2565 1169 2637 de
1184 2567 1369 2636 interiore

186 2698 323 2768 notitia
343 2709 383 2770 et
397 2703 623 2772 continuata
637 2701 824 2794 lectione,
846 2703 962 2773 immo
978 2699 1027 2773 de
1042 2698 1185 2771 eximio
1200 2696 1369 2795 quodam

185 2827 337 2924 lavore,
361 2856 438 2928 quo
462 2836 654 2906 comicum
675 2845 908 2928 prosecutus
923 2836 990 2927 sit,
1017 2831 1266 2928 cogitandum
1280 2854 1369 2904 esse

184 2960 372 3037 videatur.

233 3097 450 3193 Praecipua
476 3125 682 3196 apponam.
711 3102 957 3196 Conferatur,
982 3105 1013 3176 si
1033 3101 1180 3196 placet,
1202 3099 1289 3172 Eth.
1305 3099 1367 3191 IV,

184 3249 249 3325 45,
290 3232 408 3306 schol.
450 3255 492 3306 2:
534 3259 649 3328 „mea
688 3236 784 3308 haec
820 3247 881 3309 est
916 3239 1015 3308 ratio
1051 3246 1091 3307 et
1118 3236 1172 3306 sic
1200 3235 1368 3305 animum

186 3364 321 3437 induxi
347 3369 503 3440 meum''
533 3369 634 3463 (Eth.
651 3370 711 3462 iil,
733 3369 872 3464 prael:
898 3392 1016 3472 „mea
1030 3367 1126 3439 haec
1142 3378 1203 3439 est
1218 3366 1368 3461 ratio‚”)

186 3521 273 3570 cum
300 3499 405 3593 loco,
434 3504 497 3597 qui
525 3501 664 3597 legitur
691 3502 849 3579 Terent.
876 3500 1044 3596 Adelph.
1071 3502 1139 3572 68:

272 3737 369 3813 „Mea
391 3736 437 3798 sic
460 3745 511 3800 est
535 3737 619 3798 ratio
643 3745 676 3798 et
700 3738 747 3798 sic
769 3738 918 3814 animum
943 3737 1065 3799 induco
1090 3754 1220 3799 meum:

295 3851 386 3914 Malo
411 3859 547 3914 coactus
572 3852 628 3932 qui
651 3872 749 3914 suom
773 3853 917 3915 officium
941 3851 1035 3929 iacit,

195 3982 246 4047 70.
294 3969 385 4030 Dum
409 3967 442 4030 id
467 3968 623 4030 rescitum
648 3968 687 4030 iri
710 3967 832 4044 credit,
857 3968 1021 4046 tantisper
1045 3975 1160 4049 pavet3

294 4081 329 4146 Si
352 4091 467 4165 sperat
491 4082 561 4144 sore
585 4082 688 4158 clam,
715 4102 848 4145 rursum
871 4082 914 4145 ad
938 4083 1108 4165 ingenium
1133 4081 1249 4147 redit.''

235 4300 356 4372 Vides
387 4302 471 4394 ipsa
497 4311 639 4394 poetae
667 4299 787 4372 verba
813 4312 968 4373 servato
996 4313 1121 4373 metro
1148 4299 1252 4394 apud
1278 4323 1367 4372 nos-

184 4445 285 4506 trum
325 4456 532 4505 occurrere
542 4462 550 4526 3
590 4457 663 4505 nec
703 4457 781 4505 non
816 4457 951 4508 versus
994 4435 1118 4532 quarti
1144 4457 1235 4528 pars
1261 4436 1366 4528 prior
