3120 5070
737 481 777 556 15

163 710 253 760 esse
280 686 500 758 libertatem
524 709 663 757 novam
678 695 718 756 et
733 684 899 780 quadam
915 683 1108 778 elegantia
1122 706 1200 755 non
1214 705 1348 754 caren-

165 833 263 912 tem,
292 820 342 891 ad
368 841 484 914 quam
511 831 619 891 recte
646 818 958 910 ministrandam,
984 820 1016 890 si
1038 841 1117 889 non
1138 814 1347 910 profunda,

164 964 205 1026 at
232 955 325 1027 satis
351 952 479 1046 ampla
505 954 668 1026 scientia
690 963 730 1024 et
752 953 937 1046 imprimis
959 953 1131 1045 ipsorum
1146 960 1348 1022 auctorum

165 1085 270 1158 haud
312 1087 479 1181 vulgaris
526 1088 682 1179 notitia,
731 1088 848 1158 immo
888 1086 1005 1158 lectio
1044 1085 1270 1156 continuata
1309 1092 1350 1153 et

165 1222 326 1293 interior
352 1218 598 1293 consuetudo
625 1222 782 1292 omnino
810 1242 910 1312 opus
937 1228 1053 1290 esset.

216 1353 438 1448 Scriptores
471 1365 621 1447 autern,
657 1376 889 1449 quamquam
924 1375 1058 1424 eorum
1092 1362 1250 1423 ceterae
1277 1350 1350 1421 vir·

166 1498 271 1560 tutes
305 1510 376 1581 pro
412 1488 599 1581 cuiusque
635 1497 773 1558 natura
807 1488 974 1578 variant,
1001 1496 1134 1557 tamen
1160 1483 1242 1554 fere
1270 1505 1350 1554 om-

168 1645 238 1695 nes
276 1624 315 1692 in
350 1620 424 1693 hoc
460 1623 726 1714 consentiunt,
762 1632 879 1716 atque
916 1621 1017 1692 hunc
1052 1619 1113 1692 vel
1140 1620 1350 1702 maximum

169 1754 292 1828 laudis
318 1754 471 1826 titulum
499 1755 704 1849 exhibent,
728 1755 834 1850 quod
854 1757 980 1849 ipsum
1001 1756 1197 1849 ingenium
1210 1754 1351 1846 ipsam·

169 1911 245 1983 que
273 1887 443 1960 indolem
470 1887 623 1982 linguae
644 1887 809 1961 Latinae
832 1900 911 1960 tam
934 1898 1043 1960 recte
1057 1885 1349 1975 intellexerunt,
1427 1916 1428 1919 ¹

168 2023 323 2115 penitus
357 2033 651 2115 persenserunt,
687 2020 777 2094 dein
805 2021 968 2094 sollicite
999 2028 1260 2114 respexerunt
1286 2041 1351 2089 co-

170 2154 411 2249 lueruntque.

220 2290 308 2383 Quo
348 2288 494 2362 lactum
529 2300 606 2382 est,
642 2302 685 2361 ut
718 2292 884 2383 primum
911 2292 949 2360 in
974 2291 1068 2383 ipsis
1095 2285 1352 2379 conceptibus

169 2423 548 2518 cogitationibusque
576 2421 790 2496 formandis
816 2434 856 2495 et
876 2420 1118 2495 deducendis
1141 2421 1270 2491 nativa
1290 2416 1352 2488 illa

171 2555 325 2649 linguae
358 2555 524 2628 Latinae
558 2554 737 2629 luciditas
763 2568 804 2628 et
830 2567 945 2629 acute
973 2551 1235 2650 distinguendi
1261 2573 1353 2622 con-

171 2687 337 2761 suetudo
364 2712 437 2760 nec
465 2713 544 2761 non
570 2691 743 2763 severior
770 2689 867 2763 ordo
890 2689 993 2761 haud
1016 2711 1152 2783 parum
1175 2684 1352 2758 effecisse

171 2818 344 2914 putanda
358 2822 444 2893 sint.
459 2820 611 2894 Deinde
627 2824 665 2893 in
676 2825 878 2896 sententiis
889 2820 1118 2917 effingendis
1129 2821 1351 2913 scriptores

171 2952 263 3026 licet
288 2956 562 3048 grammatices
589 2954 782 3027 elementa
813 2980 891 3028 non
922 2957 1034 3027 nimis
1055 2956 1171 3026 anxie
1193 2973 1353 3024 curave-

172 3088 249 3157 rint
274 3096 314 3157 et
340 3078 534 3159 interdum
560 3090 606 3160 iis
633 3087 776 3183 aliquid
804 3088 1014 3180 exciderit,
1039 3085 1145 3182 quod
1165 3084 1354 3178 diligenti-

173 3242 282 3290 orem
313 3231 515 3293 censuram
542 3223 607 3293 vix
635 3220 808 3316 effugiat,
836 3233 968 3292 tamen
995 3220 1137 3316 ubique
1162 3217 1352 3308 colorem,

173 3362 216 3422 ut
249 3353 371 3445 aiunt,
399 3352 583 3424 Latinum
609 3377 704 3448 prae
732 3377 774 3426 se
801 3353 930 3425 ferunt
958 3364 998 3425 et
1024 3354 1197 3424 intimam
1223 3373 1354 3422 essen-

173 3486 265 3556 tiam
303 3483 476 3581 linguae,
512 3497 555 3558 ut
581 3489 635 3558 ita
663 3486 810 3580 dicam,
838 3487 1057 3581 inscriptis
1085 3487 1163 3558 suis
1188 3483 1355 3555 fideliter

172 3640 407 3691 conservare
443 3632 654 3709 noverunt,
684 3622 828 3717 quippe
855 3621 920 3714 qui
946 3618 1087 3691 Latine
1114 3629 1154 3690 et
1180 3618 1355 3713 cogitent

175 3762 215 3823 et
250 3751 439 3844 scribant,
476 3751 550 3825 hoc
586 3766 646 3827 est
673 3777 770 3848 pure
798 3766 838 3826 et
865 3756 1074 3848 castigate,
1108 3753 1172 3846 qui
1197 3753 1273 3823 vim
1300 3752 1355 3844 ip-

175 3907 257 3956 sam
284 3887 452 3958 nativam
480 3887 757 3961 vocabulorum
783 3889 1072 3982 persentientes
1098 3884 1216 3956 modo
1239 3883 1355 3955 rebus

175 4020 331 4112 propria
379 4021 535 4091 nomina
580 4023 782 4114 imponere
829 4023 973 4112 sciant,
1022 4018 1116 4090 alias
1154 4015 1355 4109 metapho-

176 4174 258 4223 ram
292 4163 401 4223 recte
434 4154 655 4245 instituere,
689 4153 853 4226 feliciter
879 4174 1130 4248 promovere,
1157 4148 1356 4243 eleganter

175 4282 379 4386 absolvere
399 4284 572 4373 valeant,
600 4289 664 4381 qui
690 4310 762 4380 per
784 4287 1016 4378 antitheses,
1044 4283 1355 4378 paronomasias,

175 4415 344 4512 reliquas
382 4417 525 4513 figuras
565 4421 783 4492 orationem
816 4431 907 4513 apte
942 4418 1180 4511 distinguere
1213 4417 1355 4506 sciant,
