3120 5070
752 477 802 551 50

186 683 345 755 konnen
369 683 558 773 trekken,
585 681 664 753 dan
689 706 737 754 zo
762 681 870 775 lang,
896 680 954 753 als
978 683 1037 775 un'j
1062 703 1165 774 geen
1190 679 1299 752 klare
1317 704 1371 753 en
1436 677 1437 680 ’

185 817 472 889 onderscheide
492 815 707 889 denkbeelt
726 841 800 886 van
814 814 900 886 God
909 815 1100 887 hebben.“
1115 814 1239 887 Vides
1251 817 1371 888 inter-

185 963 338 1045 pretem
363 950 551 1021 Batavum
576 952 616 1020 in
642 948 714 1021 Ms.
741 951 936 1021 invenisse
963 948 1123 1039 „ideam
1155 947 1264 1040 Dei,’'
1292 972 1371 1043 qua

186 1085 355 1158 lectione
392 1096 556 1178 recepta
594 1085 789 1155 sententia
828 1095 868 1155 et
902 1085 1147 1154 ratiocinium
1181 1095 1290 1155 recte
1328 1097 1371 1154 et

186 1217 343 1310 ordine,
370 1221 521 1313 opinor,
548 1216 740 1312 procedit.

236 1350 442 1426 Secundus
480 1351 590 1423 locus
628 1351 769 1446 legitur
802 1374 864 1446 ep.
898 1350 990 1422 LV:
1025 1351 1121 1443 „ubi
1146 1363 1292 1423 terram
1317 1350 1370 1425 ad

186 1488 338 1556 vineam
360 1483 613 1578 plantandum
634 1483 696 1556 vel
716 1496 878 1579 puteum
899 1482 951 1556 ad
965 1484 1211 1579 sepulchrum
1224 1470 1371 1556 facien-¹

186 1618 279 1690 dum
324 1617 513 1709 fodimus,
563 1630 603 1690 et
640 1618 865 1690 thesaurum
903 1619 1150 1690 invenimus”
1190 1630 1370 1713 etqseqq.

188 1752 285 1824 Mira
323 1750 503 1846 profecto
542 1764 583 1824 et
621 1751 736 1846 plane
770 1764 1001 1846 portentosa
1033 1774 1116 1842 res,
1143 1754 1176 1823 si
1201 1775 1371 1846 corpora

187 1898 427 1958 mortuorum
455 1887 494 1955 In
519 1888 648 1978 puteis
674 1884 912 1956 condantur!
939 1883 994 1956 At
1019 1883 1068 1956 cl.
1094 1884 1162 1957 Vs.
1183 1885 1244 1956 Β.;
1267 1883 1372 1977 „Als

187 2043 278 2091 men
314 2016 475 2090 d’aarde
513 2021 676 2113 omspit,
717 2041 781 2090 om
819 2040 895 2090 een
920 2021 1119 2114 wijngaart
1143 2031 1184 2090 te
1210 2019 1372 2113 planten

188 2152 232 2225 oI
266 2150 362 2224 daar
397 2155 436 2223 in
473 2150 618 2247 graaft,
657 2177 714 2223 om
752 2176 814 2223 een
845 2161 931 2248 put,
965 2151 1011 2247 os
1025 2152 1127 2248 gras
1146 2161 1181 2223 te
1205 2153 1369 2224 maken.”

187 2285 320 2381 Itaque
345 2308 472 2380 apage
497 2298 713 2358 monstrum
740 2298 781 2358 et
808 2298 1002 2379 „puteum
1027 2295 1097 2357 aut
1123 2286 1370 2381 sepulchrum

186 2418 431 2491 faciendum”
459 2422 632 2492 restitue.

236 2554 402 2626 Ultimus
440 2557 489 2626 sit
529 2553 659 2625 Tract.
691 2554 773 2626 Pol.
805 2553 906 2645 VIII,
934 2575 992 2624 21:
1021 2612 1041 2646 „
1052 2552 1150 2645 Sed,
1178 2578 1228 2626 ne
1255 2555 1372 2652 longa

188 2687 399 2759 admodum
426 2687 690 2759 dominatione
718 2690 896 2758 nimirum
922 2689 1167 2782 superbiant,
1202 2689 1293 2761 nulli
1318 2689 1370 2760 ad

187 2820 262 2892 hoc
301 2823 556 2892 ministerium
595 2821 763 2916 eligendi
802 2834 910 2913 sunt,
949 2825 1021 2894 nisi
1061 2823 1156 2917 qui”
1191 2835 1370 2917 etqseqq.

188 2953 305 3026 Haud
339 2954 453 3026 Iacile
479 2943 645 3047 diueris,
673 2954 766 3049 quid
787 2956 926 3028 vocula
947 2957 1008 3027 illa
1035 2957 1275 3048 „nimirum”
1298 2957 1370 3029 sibi

187 3089 297 3180 velit3
331 3087 422 3160 audi
456 3100 589 3160 tamen
614 3088 681 3162 Vs.
709 3090 770 3161 Β.;
799 3089 939 3182 „lllaar
964 3089 1087 3184 opdat
1111 3093 1174 3186 zij,
1200 3092 1256 3161 uit
1282 3113 1372 3161 oor-

188 3222 285 3294 zaak
310 3246 385 3294 van
411 3222 461 3295 de
488 3223 601 3318 lange
629 3223 930 3320 Heerschappij,
954 3226 1035 3296 niet
1056 3224 1100 3295 al
1118 3234 1153 3296 te
1173 3236 1371 3297 verwaant

188 3354 341 3429 zouden
379 3355 559 3448 worden,
599 3381 645 3430 zo
685 3370 792 3430 moet
831 3358 952 3430 men'’
993 3381 1095 3450 enz.;
1135 3360 1266 3452 itaque
1297 3381 1370 3452 pro

189 3490 433 3581 „nimirum”
456 3493 619 3563 restitue
642 3548 663 3582 „
673 3491 835 3562 nimium
845 3491 879 3583 ”3
906 3491 957 3564 ad
983 3494 1216 3564 sententiam
1238 3503 1370 3562 autem

188 3620 290 3695 conf.
326 3622 410 3714 VH,
445 3640 512 3714 27:
549 3623 810 3719 „superbiunt
835 3624 1012 3698 homines
1037 3649 1166 3696 annua
1191 3623 1371 3720 designa-

187 3753 312 3846 tione,
333 3755 426 3849 quid
444 3756 611 3848 nobiles,
633 3758 698 3851 qui
717 3756 887 3830 honores
900 3760 939 3829 in
952 3771 1155 3830 aeteruum
1169 3758 1369 3854 agitant?”

237 3887 358 3961 Hisce
384 3891 478 3962 satis
500 3913 691 3983 apparere
714 3889 890 3984 confid0,
918 3915 1034 3986 quam
1057 3894 1254 3987 egregiam
1276 3915 1371 3986 ope-

187 4046 269 4093 ram
307 4024 347 4094 in
384 4023 547 4097 vocibus
586 4027 746 4119 integris
783 4027 845 4099 vel
879 4030 1084 4100 sententiis
1118 4025 1371 4100 restituendiS

187 4155 329 4228 Versio
360 4155 517 4252 Belgica
552 4171 754 4253 praestare
788 4160 933 4255 valeat,
967 4164 1043 4233 iarn
1078 4163 1109 4234 si
1143 4159 1194 4233 ad
1219 4162 1371 4232 minora

185 4300 448 4383 transeamus,
489 4295 606 4365 etiam
644 4297 683 4365 in
716 4293 774 4368 his
802 4297 886 4368 eius
911 4296 1186 4367 auctoritatem
1212 4295 1370 4366 minime

188 4421 449 4517 spernendam
488 4449 576 4499 esse
610 4427 771 4522 patebit.
803 4427 936 4523 Atque
969 4426 1020 4501 de
1054 4429 1369 4522 interpunctione
