3120 5070
671 488 789 558 243

169 693 295 768 cultus
330 703 462 786 partes
486 689 704 763 hominibus
731 712 939 784 superesse
967 689 1086 762 sinit'’
1115 689 1180 762 ubi
1208 689 1353 784 Meyer,

169 826 324 899 favente
346 824 413 897 Vs.
436 823 477 895 B.
502 845 741 918 „superesse
763 848 836 895 non
851 822 971 895 sinit''
997 825 1149 915 inserit,
1173 821 1354 919 equidem

168 969 202 1033 et
236 962 275 1030 in
305 983 367 1030 nec
392 969 543 1030 mutare
569 956 719 1043 malim,
753 980 814 1051 ep.
842 954 952 1047 LVI,
977 955 1042 1027 ubi
1070 955 1216 1060 Meyer,
1244 978 1373 1049 prae-w

160 1103 287 1169 eunte
309 1091 375 1164 Vs.
397 1090 438 1162 B.
463 1148 483 1183 „
496 1090 643 1161 nullam
658 1091 830 1162 inveniet
844 1087 1141 1161 difficultatem’'
1162 1091 1353 1183 correxit3

170 1249 230 1320 ep.
266 1224 423 1318 LXVII,
459 1223 524 1329 ubi
558 1223 672 1296 Land
698 1229 770 1317 pro
800 1247 965 1318 unquam
992 1246 1186 1319 nunquam
1214 1222 1336 1296 edidit
1346 1252 1354 1315 ;

171 1381 232 1453 ep.
246 1356 428 1449 LXXVI,
444 1356 509 1429 ubi
523 1355 626 1428 idem
642 1355 797 1453 „deque
813 1381 887 1427 non
901 1357 1158 1451 interrupta,'’
1183 1358 1353 1429 inseruit.

170 1489 254 1563 Nec
294 1489 436 1563 desunt
474 1489 558 1562 alia.
597 1489 731 1585 ltaque
765 1487 895 1579 Land,
924 1491 988 1584 qui
1015 1491 1053 1560 in
1080 1487 1355 1588 dissertatione

173 1625 223 1718 (p.
260 1623 321 1719 21)
361 1621 452 1694 illud
488 1622 637 1715 ,‚n0n”,
677 1621 782 1718 quod
816 1620 904 1693 Eth.
940 1621 1002 1714 IV,
1045 1642 1085 1693 12
1127 1622 1354 1714 sustulerat,

172 1758 287 1829 anxie
327 1757 560 1848 reservavit,
600 1765 643 1827 ut
678 1753 781 1826 idem
816 1753 1010 1827 inlocum
1038 1754 1087 1827 de
1114 1757 1180 1827 int.
1208 1778 1281 1827 em.
1308 1757 1358 1843 46
1382 1764 1383 1767 ’

173 1901 468 1984 transponeret,
492 1891 684 1983 (nimirum
707 1887 941 1982 prudentem
955 1887 1150 1984 quendam
1164 1887 1356 1961 hortieum

174 2046 314 2120 agens,
355 2025 419 2120 qui
458 2023 642 2096 tenellum
681 2021 877 2095 surculum
916 2021 1003 2094 hinc
1043 2024 1161 2115 eruit,
1201 2033 1243 2095 ut
1282 2021 1355 2094 illic

174 2157 353 2253 inserat),
381 2159 465 2251 ipse
492 2159 647 2252 inquam
673 2154 787 2227 Land
813 2158 852 2227 in
878 2154 1051 2228 editione
1076 2179 1164 2248 sua,
1192 2167 1356 2250 urgente

173 2311 216 2361 re
250 2291 353 2384 ipsa,
387 2290 601 2387 plerisque,
636 2314 735 2386 quos
761 2291 1090 2382 enumeravimus,
1117 2289 1214 2362 locis
1241 2311 1357 2384 nega-

173 2425 321 2497 tionem
346 2426 519 2497 inserere
545 2424 606 2496 vel
633 2427 807 2497 eximere
828 2435 996 2502 coactus
1022 2422 1104 2496 suit.
1137 2427 1169 2517 1)

213 2801 241 2872 1)
272 2800 320 2857 De
347 2797 561 2874 negationibus
589 2798 650 2858 iam
678 2797 772 2875 ipsius
785 2794 944 2874 'spinozae
966 2806 1064 2856 aetate
1081 2796 1208 2856 turbatis
1226 2797 1263 2856 cf.
1285 2814 1363 2872 quae

170 2895 235 2973 ipse
266 2895 461 2972 conqueritur
488 2915 534 2974 ep.
556 2899 695 2956 LXXII:
718 2931 783 2969 ‚,-
805 2897 853 2954 vel
871 2895 903 2954 in
924 2903 977 2954 tua
998 2894 1126 2971 epistola
1147 2895 1197 2953 vel
1216 2892 1248 2952 in
1269 2892 1362 2969 ipsius

170 2993 336 3069 exemplari
365 3012 497 3053 errorem
528 2993 702 3054 festinantis
733 2993 843 3054 calami
875 3004 949 3054 esse‘
971 2993 1073 3052 credo.
1100 2994 1181 3051 Nam
1203 2989 1311 3051 scribis
1331 2990 1384 3054 in,

170 3109 255 3166 prop.
288 3105 303 3166 5
335 3091 502 3167 affirmari,
533 3091 634 3151 ideata
666 3111 729 3151 esse
757 3111 880 3151 causam
909 3090 1092 3150 efficientem
1120 3089 1273 3163 idearum,
1293 3107 1363 3147 cum

171 3196 273 3246 tamen
295 3189 353 3247 hoc
370 3189 470 3266 ipsum
491 3189 523 3248 in
545 3191 652 3249 eadem
673 3188 880 3266 propositione
900 3198 1036 3263 expresse
1053 3189 1209 3260 negetur‚”
1227 3197 1363 3262 etqseqq.

172 3285 218 3346 Cf.
240 3285 331 3345 etiam
345 3306 402 3369 ¹ep.
424 3290 568 3347 LXXIII.
591 3288 688 3361 „Sive
710 3286 867 3346 materiam
888 3305 1066 3362 corpoream
1087 3285 1264 3363 intelligunt
1273 3287 1290 3313 ''
1311 3284 1364 3344 ubi

171 3383 203 3442 in
224 3384 389 3461 exemplari
411 3385 584 3446 Gerhardtii
605 3388 841 3462 „incorpoream
851 3385 868 3411 ”
890 3382 1058 3444 exhibetur.

212 3485 369 3543 Praeterea
400 3502 509 3561 operae
536 3483 666 3560 pretium
688 3493 732 3542 est
755 3501 895 3556 monere,
918 3482 1072 3541 interdum
1093 3481 1285 3558 negationes,
1308 3481 1364 3541 im·

171 3579 277 3656 primIs
297 3599 368 3640 cum
390 3581 539 3641 rhetorice
559 3583 833 3654 accumularentur,
856 3579 1056 3654 sententiam,
1078 3589 1111 3639 ut
1121 3581 1169 3652 fit,
1188 3579 1365 3656 itaimpedi·

173 3677 266 3752 visse,
298 3688 331 3737 ut
360 3679 418 3755 ipsi
445 3679 611 3739 scribentes
633 3679 685 3738 vix
701 3699 733 3738 se
755 3679 946 3739 extricarent
968 3678 1018 3738 Sic
1038 3678 1070 3737 in
1092 3698 1138 3755 ep.
1162 3681 1197 3752 L,
1216 3678 1364 3754 Spinozae

172 3774 280 3852 ipsius:
312 3776 466 3849 „Librum
478 3821 585 3838 ......
617 3778 714 3850 lectu,
744 3778 840 3836 multo
862 3776 963 3836 minus
984 3775 1181 3852 responsione
1201 3775 1362 3853 indignum

170 3873 346 3950 judicabam
356 3876 373 3902 '³
405 3874 458 3935 ubi
488 3885 644 3935 auctorem
676 3894 731 3953 pro
754 3878 868 3948 mium,
891 3878 989 3948 nzagis
1010 3874 1140 3934 voluisse
1160 3873 1280 3933 videtur
1286 3894 1294 3948 3
1317 3893 1364 3950 ep.

173 3973 292 4046 LXIII,
314 3971 367 4032 ubi
387 3971 419 4031 in
440 3975 628 4050 autographo
650 3971 799 4033 Schulleri
820 3973 986 4031 rectissime
1003 3972 1093 4031 Laud
1103 3971 1230 4030 inseruit
1247 3990 1364 4047 ,‚quem

171 4069 236 4146 ipse
266 4069 381 4130 elsdem
413 4089 475 4130 non
506 4073 605 4130 solum
641 4068 731 4152 [non]
762 4069 893 4144 ademit,
922 4071 974 4128 sed
1003 4068 1135 4129 rationes
1156 4068 1305 4129 addidit.''
1327 4103 1366 4114 -

174 4167 317 4228 Similiter
347 4189 393 4245 ep.
426 4171 563 4228 LXXIX
594 4169 626 4228 in
657 4171 846 4246 autographo
879 4166 1082 4244 Oldenburgii
1111 4170 1186 4227 haec
1208 4169 1365 4244 leguntur:

173 4265 380 4343 ‚,SubjungiS,
420 4285 508 4343 posse
545 4267 685 4327 homines
716 4287 780 4327 esse
811 4266 1034 4326 inexcusabiles
1067 4276 1097 4325 et
1129 4276 1231 4325 tamen
1264 4263 1366 4323 multis

174 4363 274 4424 modis
302 4363 460 4438 cruciari,”
492 4384 563 4423 cum
595 4376 698 4425 tamen
721 4364 811 4424 unice
833 4363 1075 4438 „excusabiles”
1097 4374 1202 4440 aptum
1223 4365 1366 4440 praebeat

174 4481 297 4522 sensum
319 4472 349 4520 et
370 4461 402 4521 in
423 4461 551 4539 epistula
571 4464 789 4540 praecedente,
810 4463 850 4522 ad
868 4481 959 4539 quam
971 4460 1124 4535 alluditur,
1136 4459 1254 4521 disertis
1265 4460 1366 4520 verbis
