3120 5070
765 521 815 592 90

198 722 273 815 „ab
296 725 381 817 ipso
404 734 583 815 auctore,
606 735 648 795 ut
670 722 833 816 videtur,
856 723 1065 795 admodum
1087 726 1296 796 truncata''
1319 728 1374 797 in-

196 855 326 952 tellegi
347 868 489 950 potest.
512 856 631 929 Cuius
653 856 937 952 autographon,
963 856 1109 929 editum
1132 857 1237 952 apud
1250 858 1313 952 L,
1338 862 1375 930 in

197 991 303 1062 initio
326 989 423 1061 haec
446 989 577 1062 habet:
600 990 699 1082 „Ex
715 1014 770 1085 gr.
786 990 953 1064 Mundus
967 1004 1101 1064 noster
1116 994 1374 1086 extensionis,

195 1134 237 1194 ut
260 1125 313 1193 ita
336 1123 478 1215 dicam,
502 1134 671 1220 quantae
685 1123 946 1217 amplitudinis
962 1127 1110 1217 existit,
1133 1137 1266 1197 tantae
1281 1150 1375 1223 quo·
1423 1102 1425 1107 ’

195 1279 271 1351 que
297 1257 558 1350 amplitudinis
585 1257 735 1350 Mundi,
761 1260 826 1352 qui
852 1259 934 1362 aliis
960 1258 1154 1331 attributis
1176 1272 1373 1353 constant,

195 1391 430 1482 existerent,
458 1389 639 1486 quodque
668 1393 780 1463 sicuti
802 1415 873 1463 nos
895 1392 984 1462 nihil
1007 1393 1079 1463 nisi
1102 1395 1374 1465 extensionem

195 1525 429 1617 percipimus
463 1536 620 1616 praeter
655 1526 951 1618 cogitationem,
979 1527 1034 1597 sic
1062 1536 1265 1598 creaturae
1293 1525 1374 1598 illo-

195 1679 277 1726 rum
315 1656 546 1728 lllundorum
582 1656 671 1728 nihil
703 1657 806 1728 aliud
834 1657 1024 1729 deberent
1052 1661 1274 1752 percipere,
1302 1662 1374 1731 nisi

194 1791 419 1862 attributum
447 1793 504 1862 sui
526 1790 659 1861 Mundi
680 1814 727 1862 ac
748 1790 1061 1883 cogitationem.”
1085 1790 1196 1883 Quae
1219 1804 1374 1864 senten-

194 1927 264 2017 tia,
293 1927 367 1997 etsi
393 1924 559 1996 fortasse
586 1924 784 2019 prolixior,
812 1935 943 1995 tamen
970 1923 1074 1995 clara
1101 1936 1140 1996 et
1166 1927 1373 2018 perspicua

194 2069 272 2150 est,
309 2060 494 2158 imprimis
520 2056 670 2130 collatis
696 2060 759 2149 iis,
787 2080 886 2154 quae
913 2059 1092 2151 proxime
1118 2056 1371 2151 praecedunt.

243 2192 324 2263 lam
341 2191 449 2283 audi,
475 2215 575 2288 quae
598 2189 772 2285 proserat
793 2189 865 2262 Ed.
888 2190 970 2261 Pr:
995 2190 1207 2284 „Quantae
1229 2213 1291 2262 ex.
1315 2213 1371 2286 gr.

193 2324 434 2396 extensionis
461 2335 595 2396 noster
622 2325 810 2395 existeret
837 2321 1021 2415 munduS,
1056 2335 1190 2396 tantae
1216 2347 1372 2421 quoque

183 2460 435 2530 extensionis
473 2456 625 2549 mundi,
674 2457 756 2529 aliis
794 2456 924 2530 affecti
963 2457 1177 2549 attributis,
1218 2469 1370 2530 essent:

193 2579 520 2687 quemadmodum
546 2615 662 2683 vero,
691 2603 848 2685 praeter
875 2594 1170 2686 cogitationem,
1198 2615 1277 2663 non
1299 2592 1371 2663 nisi

192 2727 463 2798 extensionem
490 2727 743 2820 percipimus,
771 2727 824 2796 ita
851 2728 967 2797 etiam
995 2728 1103 2798 istius
1129 2724 1262 2798 mundi
1288 2748 1371 2797 cre·
1442 2795 1444 2798 ,

192 2872 344 2951 aturae,
373 2883 451 2931 non
473 2858 543 2932 nisi
565 2861 622 2932 sui
645 2858 777 2930 mundi
799 2859 1003 2952 attributa,
1026 2871 1143 2954 atque
1167 2861 1384 2955 cogitatio-⁴

192 3016 281 3064 nem
303 2992 586 3086 perciperent.'’
610 2992 731 3066 Vides
752 2996 880 3066 omnia
894 2994 1049 3066 turbata
1063 3017 1151 3066 esse
1167 3005 1206 3066 et
1221 3016 1370 3066 summa

192 3125 444 3220 ambiguitate
482 3126 677 3219 laborare,
715 3152 802 3199 cum
836 3128 1067 3200 vocabulum
1101 3127 1263 3199 extensio
1290 3149 1368 3198 uno

191 3270 328 3330 tenore
355 3271 471 3354 atque
499 3260 638 3332 eadem
664 3264 702 3332 in
729 3264 923 3334 sententia
950 3260 1067 3334 modo
1089 3284 1160 3356 pro
1182 3259 1369 3332 attributo
1476 3311 1478 3314 ψ

191 3392 274 3486 illo,
323 3396 384 3466 cui
429 3385 675 3491 coniungitur
719 3397 923 3490 cogitatio,
964 3395 1211 3487 adhibeatur,
1250 3393 1368 3465 modo

192 3527 480 3620 „magnitudo”
504 3527 694 3621 significet
713 3527 774 3600 vel
794 3530 924 3621 potius
944 3527 1188 3622 „amplitudo
1201 3527 1232 3619 ,”
1253 3550 1367 3624 quarn

190 3683 327 3732 vocem
366 3662 565 3754 aptissime
604 3659 845 3756 distinguens
883 3660 1154 3733 introduxerat
1189 3672 1367 3754 autogra-
1439 3691 1441 3696 2

191 3792 306 3886 phon.

238 3927 371 4023 ltaque
405 3929 443 3997 in
474 3940 656 4022 promptu
683 3940 743 4000 est
769 3928 953 4000 Editores
979 3941 1072 4000 vett.
1100 3928 1210 4000 huius
1237 3927 1366 4023 negle-

189 4063 344 4156 gentiae
383 4073 423 4134 et
463 4061 667 4134 socordiae
708 4086 904 4134 accusare.
946 4062 1043 4135 Cum
1084 4076 1216 4134 tamen
1250 4063 1367 4133 etiam

190 4193 255 4267 Vs.
291 4195 331 4265 B.
368 4193 450 4267 lere
478 4194 633 4286 eadem,
665 4219 896 4292 quamquam
924 4195 1160 4292 aliquantulo
1187 4196 1365 4286 meliora,

190 4326 389 4418 exhibeat,
431 4329 574 4422 quippe
613 4351 711 4423 quae
751 4328 891 4422 legisse
930 4329 1125 4401 videatur:
1168 4328 1270 4420 „Ex
1310 4352 1365 4423 gr.

188 4473 355 4556 quantae
392 4463 631 4533 extensionis
658 4459 824 4533 lllundus
851 4474 984 4535 noster
1011 4474 1217 4554 extensuS,
1247 4473 1289 4533 ut
1315 4465 1367 4534 ita
