3120 5070
774 488 820 562 54

205 693 379 785 „bonum
398 715 532 764 verum
547 691 896 765 communicabile”
920 693 1065 762 omisso
1081 747 1101 782 „
1114 690 1211 781 sui’';
1235 688 1325 760 ibid.
1342 709 1382 781 2,
1424 750 1428 756 .

205 829 329 921 primo
359 829 512 920 intuito,
549 825 678 899 Tract.
705 825 786 898 Pol.
813 824 913 917 Vlll,
946 845 1007 916 19,
1031 823 1179 918 syndici
1205 847 1277 918 pro
1303 825 1384 895 vin-

205 959 330 1054 dices,
370 958 459 1032 ibid.
505 963 562 1032 26.
602 961 834 1033 secretarius
873 982 944 1052 pro
983 981 1006 1028 a
1045 959 1207 1029 secretis
1246 958 1383 1029 vitiose

206 1096 437 1188 appinxerit.
471 1094 503 1189 Ι)
530 1093 708 1188 Denique
735 1093 808 1165 huc
836 1091 1043 1164 referenda
1069 1101 1158 1164 sunt
1180 1091 1258 1182 illa,
1284 1113 1384 1185 quae

206 1231 336 1321 potius
370 1226 661 1322 typothetarum
695 1250 809 1321 quam
836 1229 955 1320 ipsius
982 1227 1204 1319 interpretis
1230 1247 1386 1297 errores

208 1360 456 1433 existimandi
493 1371 592 1431 sunt.
633 1359 807 1453 Quorum
840 1384 958 1431 unum
993 1370 1143 1430 tantum
1177 1381 1385 1430 commem-

208 1493 348 1585 orabo,
384 1504 521 1587 utpote
554 1495 618 1588 qui
653 1503 695 1565 se
732 1496 849 1565 etiam
880 1496 918 1564 in
945 1493 1157 1565 editionem
1183 1491 1386 1585 Haganam

208 1629 500 1722 propagaverit3
531 1627 735 1720 epistulam
763 1627 851 1700 volo
879 1626 1015 1718 XLIV,
1044 1628 1081 1696 in
1109 1649 1185 1720 qua
1211 1625 1307 1697 haec
1335 1624 1388 1694 le-

207 1771 365 1854 guntur:
392 1759 623 1855 „Reliquum
639 1760 744 1855 quod
758 1772 928 1856 spectat,
946 1760 1142 1851 simulare,
1158 1760 1388 1852 promittere

209 1906 249 1965 et
275 1895 474 1988 promissis
500 1917 579 1965 non
604 1904 728 1986 stare,
755 1896 927 1986 mentiri,
948 1893 1163 1990 perjurare,
1190 1891 1388 1987 multaque

210 2027 283 2099 alia
310 2029 467 2100 summis
498 2025 612 2100 effert
638 2027 858 2120 laudibus'’;
887 2027 1006 2119 „Wat
1028 2026 1095 2098 het
1116 2016 1273 2120 ouerige
1298 2049 1389 2096 aan-

200 2173 317 2258 ¹gaat,
342 2162 387 2258 hij
402 2165 509 2258 prijst
523 2173 590 2233 ten
603 2162 768 2256 hoogste
782 2162 849 2234 het
863 2164 1041 2254 veinzen,
1064 2161 1230 2232 beloven
1244 2159 1392 2232 zonder

210 2319 352 2391 geven,
372 2295 516 2390 liegen,
540 2295 696 2369 valsche
716 2296 839 2390 reden,
858 2321 907 2368 en
921 2319 1029 2368 meer
1043 2294 1188 2367 andere
1204 2293 1389 2388 dingen”.

211 2429 333 2501 Error
368 2429 595 2502 manifestus
630 2454 701 2524 pro
726 2430 840 2502 reden.
869 2431 905 2525 2)
932 2430 1054 2502 Porro
1082 2431 1120 2500 in
1146 2428 1285 2499 eadem
1312 2408 1392 2520 epi-

213 2561 312 2633 stula
334 2562 462 2655 paullo
485 2561 593 2634 infra.
619 2621 638 2655 „
651 2561 811 2657 Omnia,
839 2563 1053 2658 inquiebat,
1074 2565 1286 2634 amicorum
1304 2573 1393 2634 sunt

213 2692 450 2788 eommunia,
479 2695 686 2789 Sapientes
709 2710 796 2769 sunt
819 2697 991 2769 Deorum
1014 2699 1142 2790 amici,
1166 2707 1206 2768 et
1220 2693 1392 2767 Deorum

214 2841 302 2902 sunt
328 2811 476 2922 omnia,
499 2829 602 2925 Ergo
625 2829 854 2924 Sapientum
876 2844 965 2905 sunt
980 2833 1152 2924 omnia'';
1178 2828 1296 2923 „Alle
1311 2828 1393 2900 din·

213 2985 308 3058 gen,
348 2963 457 3035 zeide
491 2964 557 3060 hij,
598 2967 667 3061 zijn
694 2964 818 3038 onder
845 2966 894 3038 de
921 2964 1108 3038 vrienden
1135 2986 1315 3058 gemeen:
1343 2960 1394 3033 de

214 3100 346 3193 wijzen
372 3100 441 3193 ziJ'n
468 3095 517 3169 (le
545 3097 731 3170 vrienden
758 3098 829 3170 der
853 3099 983 3196 goden
1008 3099 1072 3196 [en
1094 3121 1170 3170 van
1192 3097 1241 3169 de
1264 3095 1394 3192 goden

216 3234 285 3327 zijn
308 3231 381 3303 alle
408 3231 586 3328 dingenl:
614 3232 838 3305 dieshalven
863 3234 1036 3305 behoren
1063 3231 1135 3304 alle
1164 3231 1307 3326 dingen
1321 3252 1395 3300 aan

217 3365 265 3437 de
305 3366 471 3462 wijzen.”
512 3367 622 3460 Quae
662 3369 812 3440 uncinis
846 3366 994 3438 inclusa
1025 3365 1176 3458 addidi,
1204 3363 1395 3436 excidisse

217 3500 396 3572 videntur
428 3512 468 3572 et
503 3502 660 3573 omnino
696 3499 903 3572 inserenda
930 3512 1037 3591 sunt,
1066 3511 1108 3570 ut
1134 3499 1303 3595 legitima
1329 3495 1397 3567 fiat

220 3632 429 3704 conclusio,

216 3836 431 3845 --.

258 3952 287 4030 1)
328 3954 450 4028 ltaque,
492 3972 562 4011 cum
604 3954 686 4012 haud
724 3972 791 4011 raro
827 3953 899 4012 talia
937 3953 1009 4012 vitia
1041 3952 1156 4011 leviora
1186 3951 1217 4009 in
1251 3949 1401 4009 lemmatis

215 4060 390 4124 occurrant,
412 4069 489 4126 quae
511 4049 615 4109 omnia
635 4061 782 4110 annotare
803 4052 891 4110 Land
909 4052 972 4110 iure
990 4051 1152 4128 spreverit,
1171 4050 1222 4108 vix
1242 4049 1400 4124 intellego,

217 4167 270 4207 cur
300 4150 401 4206 Tract.
434 4150 489 4207 Pol
528 4149 588 4221 Vl,
620 4169 672 4223 29,
701 4169 756 4226 pro
782 4152 978 4208 emolunienti
1006 4150 1062 4226 (cs.
1090 4149 1165 4208 ibid.
1188 4147 1238 4225 31)
1261 4146 1402 4205 vitiosum

163 4299 167 4307 .
217 4247 330 4304 lemma
358 4248 528 4304 molimenta
549 4265 687 4323 expresse
709 4247 1008 4321 commemoraverit,
1030 4246 1141 4323 quippe
1162 4265 1240 4321 quae
1263 4263 1321 4304 vox
1342 4261 1404 4301 om·

217 4343 292 4402 nino
313 4344 428 4402 nullam
451 4345 593 4420 praebeat
614 4346 805 4404 sententiam.

260 4441 290 4521 2)
313 4442 359 4501 Cf.
378 4442 472 4501 etiam
495 4441 684 4520 Corrigenda
706 4446 759 4502 Vs.
783 4443 932 4520 Belgicae.
