3120 5070
757 481 803 553 77

187 685 287 757 haud
315 685 565 757 mediocriter
591 686 758 778 peritum
780 683 899 757 fuisse
922 682 1213 777 contendimus,
1240 685 1368 757 locum

187 819 287 891 hunc
322 818 458 890 leviter
492 819 688 912 corrigere
723 817 891 890 fortasse
923 817 1064 890 licebit.
1092 817 1247 889 Etenim
1273 821 1369 890 mira

188 951 366 1047 profecto
393 975 475 1043 res,
503 953 534 1023 si
562 953 739 1045 scriptor,
761 954 827 1047 qui
849 951 1009 1023 verbum
1030 962 1110 1022 tam
1134 954 1369 1047 exquisitum

187 1085 330 1179 eligere
364 1096 405 1156 et
438 1096 518 1156 tam
552 1095 773 1178 opportune
801 1083 987 1156 adhibere
1014 1087 1204 1178 potuerit,
1237 1097 1368 1156 tamen

187 1218 226 1290 id
261 1229 369 1289 recte
399 1217 584 1290 adhibere
612 1241 690 1289 non
716 1218 879 1290 valuerit
906 1231 945 1290 et
971 1241 1188 1312 pronomen
1215 1217 1369 1291 reflexi-

187 1375 276 1422 vum
317 1376 352 1422 se
386 1353 577 1443 omiserit,
617 1374 694 1446 quo
734 1351 839 1424 salva
872 1352 1085 1452 Latinitate
1120 1375 1255 1424 carere
1291 1375 1368 1423 non

188 1508 405 1578 possumus.

236 1618 446 1690 Praeterea
472 1618 579 1710 vide,
608 1642 656 1690 an
683 1620 823 1690 iterum
850 1618 900 1690 ad
925 1617 1090 1690 eandem
1105 1621 1278 1712 integrae
1294 1618 1369 1690 La-

188 1753 349 1824 tinitatis
396 1775 569 1823 normam
616 1751 732 1823 liceat
777 1775 993 1846 provocare
1039 1753 1077 1822 in
1126 1751 1369 1824 restituendo

189 1885 311 1957 altero
339 1885 444 1976 loco,
476 1887 540 1980 qui
568 1885 706 1979 legitur
733 1884 820 1955 Eth.
847 1883 893 1956 V.
920 1905 987 1976 42,
1015 1883 1153 1956 schol.:
1182 1883 1369 1979 „ignarus

190 2021 310 2111 enim,
350 2029 624 2114 praeterquam
658 2040 681 2089 a
714 2019 841 2089 causis
874 2019 1048 2089 externis
1082 2017 1211 2090 multis
1243 2017 1369 2090 modis

192 2152 393 2247 agitatur,''
421 2163 597 2248 etqseqq.

241 2284 416 2358 Offendit
455 2287 640 2358 omissum
676 2284 771 2380 quod
802 2297 892 2379 post
926 2296 1217 2380 praeterquam,
1254 2308 1369 2380 quarn

191 2443 328 2492 vocem
355 2431 394 2491 et
416 2420 607 2491 Latinitas
629 2431 669 2491 et
692 2421 885 2491 sententia
907 2417 1123 2511 desiderat,
1147 2442 1273 2514 neque
1288 2443 1370 2490 um-

190 2578 324 2648 quam,
357 2552 568 2625 dummodo
604 2565 712 2624 recte
739 2554 998 2645 meminerim,
1027 2552 1173 2624 addere
1200 2552 1371 2648 neglegit

191 2699 335 2759 noster.

239 2820 443 2892 Postremo
488 2823 527 2892 in
573 2821 812 2916 perlegendo
859 2833 971 2893 tract.
1019 2820 1069 2893 de
1108 2824 1173 2892 int.
1215 2845 1287 2894 em.
1327 2841 1369 2907 4:

193 2954 405 3044 „Honores
432 2977 478 3025 ac
505 2953 658 3026 divitias
684 2955 960 3050 prosequendo
988 2979 1066 3027 non
1093 2978 1228 3049 parum
1255 2953 1371 3025 etiam

193 3083 417 3155 distrahitur
438 3108 549 3156 mens
560 3084 592 3176 ,³³
620 3084 751 3157 facere
778 3110 856 3159 non
882 3111 1060 3181 possum,
1082 3090 1174 3182 quin
1196 3089 1371 3181 suspicer

192 3216 266 3287 leni
313 3219 555 3288 correctione
603 3218 930 3313 „persequendo”
977 3220 1223 3292 scribendum
1263 3242 1369 3310 esse,

191 3374 307 3446 quam
329 3373 467 3422 vocem
489 3362 598 3422 recta
619 3350 811 3424 Latinitas
833 3353 964 3448 utique
979 3353 1193 3425 reclamare
1206 3350 1371 3424 videtur.

240 3616 325 3688 Lib.
353 3615 414 3687 IV.
443 3616 519 3688 des.
543 3619 585 3687 6:
611 3661 688 3708 „—
712 3619 812 3690 sicut
835 3619 963 3690 omnia
985 3617 1047 3689 illa
1070 3618 1243 3712 objecta,
1271 3641 1370 3713 quae

191 3749 290 3821 ultra
321 3749 514 3822 ducentos
540 3750 664 3843 pedes
691 3775 713 3822 a
740 3751 852 3824 nobis
879 3751 1024 3825 distant
1040 3809 1169 3822 ......
1197 3774 1321 3847 aeque
1349 3775 1372 3824 a

192 3883 303 3955 nobis
342 3883 506 3976 distare,
547 3895 587 3955 et
625 3885 807 3979 perinde,
848 3909 893 3959 ac
934 3888 966 3958 si
1005 3887 1042 3956 in
1081 3883 1222 3956 eodem
1255 3883 1370 3979 plano

191 4029 342 4109 essent,
370 4019 570 4111 imaginari
597 4018 787 4112 solemus,
815 4022 869 4092 sic
897 4018 1043 4091 etiam''
1072 4029 1247 4114 etqseqq.

240 4148 371 4244 Aegre
404 4149 650 4222 desideratur
677 4174 832 4246 „aeque
861 4152 1007 4247 longe,'‘
1035 4175 1123 4223 cum
1150 4151 1201 4223 ob
1227 4150 1373 4223 Latini-

190 4293 312 4354 tatem
348 4294 429 4353 tum
461 4294 623 4377 propter
649 4286 769 4356 totius
796 4283 870 4357 loci
896 4296 1092 4376 tenorem,
1121 4287 1204 4381 qui,
1232 4296 1369 4379 utpote

190 4416 228 4485 in
264 4417 575 4508 comparatione,
611 4438 775 4488 necesse
812 4416 1049 4510 respondeat
1084 4417 1156 4490 illis
1190 4419 1371 4511 proxime
