3120 5070
784 493 829 560 14

258 695 368 788 Quae
407 718 495 766 cum
535 697 588 767 ita
624 697 717 787 sint,
754 694 1003 767 statuendum
1037 716 1125 766 esse
1152 691 1316 787 videtur,
1345 705 1387 766 ut

206 828 405 924 paullatim
449 852 500 903 ex
545 828 617 903 illis
663 832 832 902 minutiis
878 852 1140 924 emergamuS,
1182 827 1389 923 Spinozam

206 963 292 1035 lere
326 963 468 1036 eodem
504 987 684 1036 sermone
718 976 759 1038 et
789 961 945 1037 dicendi
971 986 1116 1058 genere
1144 986 1255 1035 usum
1282 985 1389 1055 esse,

208 1120 288 1192 quo
325 1099 472 1170 amicos
507 1099 590 1171 eius
617 1108 657 1169 et
684 1096 887 1193 aequales,
914 1095 1127 1168 Latinitate
1154 1095 1304 1168 scilicet
1329 1094 1391 1167 illa

207 1240 250 1301 et
272 1228 510 1323 elocutione,
534 1253 633 1325 quae
656 1241 738 1302 tum
758 1232 946 1324 temporis
966 1229 1160 1325 plerisque
1175 1231 1391 1302 communis

208 1361 328 1435 fuisse
356 1374 534 1457 apparet,
563 1387 650 1436 cum
679 1365 717 1434 in
743 1364 941 1437 literarum
969 1363 1183 1458 republica,
1208 1361 1391 1459 quicquid

207 1498 366 1569 maioris
402 1507 508 1569 esset
542 1499 748 1590 momenti,
777 1521 800 1569 a
825 1521 981 1593 quoque
1007 1497 1147 1569 Latine
1175 1496 1391 1591 perscribe-

208 1641 317 1701 retur
339 1640 378 1700 et
401 1631 571 1702 omnium
594 1630 807 1702 studiorum
832 1632 1079 1725 omniumque
1103 1628 1390 1724 disciplinarum

209 1763 500 1858 receptaculum
540 1774 580 1835 et
619 1787 824 1836 commune
865 1765 973 1857 quasi
1011 1763 1247 1835 domicilium
1286 1773 1392 1835 esset

208 1896 339 1991 lingua
365 1895 516 1968 Latina.

260 2030 518 2104 Statuendum
546 2029 688 2103 deinde
716 2030 946 2124 philosopho
967 2032 1005 2101 in
1027 2029 1167 2102 Latine
1181 2028 1389 2103 scribendo

209 2187 337 2258 neque
372 2164 508 2237 melius
540 2187 667 2258 neque
694 2167 805 2259 peius
832 2166 1017 2257 cessisse,
1054 2188 1169 2260 quam
1195 2163 1390 2259 plerisque

210 2321 232 2369 e
259 2300 420 2390 ceteris,
448 2309 507 2390 et,
536 2300 567 2371 si
590 2300 665 2370 iam
692 2296 980 2394 Oldenburgius
1003 2299 1231 2394 exquisitius
1246 2309 1286 2370 et
1299 2296 1392 2370 ube-

208 2433 307 2524 rius,
347 2457 381 2503 ν.
421 2430 661 2527 Velthuysen
700 2434 832 2526 purius
872 2435 1074 2526 scripsisse
1109 2442 1316 2527 apparent,
1352 2441 1392 2503 at

208 2565 404 2635 neminem
431 2563 545 2635 alium
573 2588 624 2637 ex
653 2568 787 2638 amicis
809 2565 943 2659 vide0,
967 2589 1083 2662 quern
1105 2569 1144 2638 in
1166 2565 1238 2638 hac
1253 2588 1295 2637 re
1310 2566 1392 2638 iure

209 2695 403 2790 Spinozae
431 2709 658 2792 anteponas.

259 2829 342 2902 Etsi
361 2832 476 2925 igitur
495 2829 685 2905 hactenus
704 2835 769 2904 vix
791 2831 840 2905 de
855 2831 1049 2928 Spinozae
1063 2835 1222 2929 proprio
1237 2830 1392 2906 dicendi

207 2985 355 3057 genere
382 2986 511 3036 sermo
538 2987 627 3038 esse
652 2977 785 3060 potest
811 2977 851 3038 et
874 2969 913 3038 in
935 2966 1075 3040 Latine
1090 2965 1297 3041 scribendo
1313 2965 1393 3060 phi-

210 3095 395 3190 losophus
422 3099 487 3169 vix
510 3122 627 3192 supra
649 3100 833 3194 aequales
856 3123 944 3173 sese
968 3101 1138 3193 extollit,
1162 3099 1241 3173 noli
1261 3110 1393 3173 tamen

210 3228 309 3302 hanc
329 3254 488 3324 parvam
508 3230 662 3304 laudem
676 3255 765 3306 esse
779 3244 918 3328 putare
924 3261 934 3328 3
950 3244 1098 3305 tantam
1113 3235 1215 3305 enim
1229 3244 1393 3328 apparet

208 3363 330 3436 fuisse
350 3363 500 3437 illorum
523 3376 744 3460 temporum
766 3369 969 3439 scientiam
989 3378 1030 3439 et
1048 3369 1226 3462 peritiam
1240 3366 1392 3461 linguae
1455 3458 1458 3465 Ι

209 3495 394 3590 Latinae,
434 3509 476 3570 ut
515 3501 632 3571 etiam
667 3501 706 3570 in
740 3500 854 3573 turba
890 3498 1090 3573 delituisse
1124 3524 1203 3572 non
1237 3501 1393 3572 minima

209 3629 293 3703 laus
320 3632 379 3703 sit.

259 3763 434 3857 Etenim,
469 3764 576 3860 quod
610 3763 661 3836 ad
695 3768 819 3860 ipsam
853 3753 1106 3840 Latinitatem
1133 3769 1291 3859 attinet,
1320 3767 1394 3838 etsi

208 3898 343 3989 purior
376 3921 454 3969 non
489 3899 612 3970 evasit
636 3897 781 3995 lingua,
818 3922 917 3994 quae
944 3922 966 3971 a
992 3910 1052 3972 tot
1073 3899 1291 3972 hominibus
1311 3899 1392 3973 lere

210 4030 398 4124 cuiusque
426 4030 660 4105 conditionis
685 4030 954 4125 adhiberetur,
981 4055 1160 4128 quaeque
1187 4043 1248 4105 tot
1273 4055 1393 4105 novas

209 4184 275 4233 res
302 4172 341 4233 et
368 4176 584 4257 conceptus
611 4167 648 4236 in
672 4188 714 4238 se
734 4167 911 4259 recipere
934 4177 974 4237 et
997 4168 1097 4260 aptis
1119 4165 1318 4238 vocabulis
1338 4167 1393 4236 in-

209 4305 361 4366 struere
386 4295 566 4389 deberet,
595 4309 635 4370 at
657 4311 795 4371 contra
817 4301 949 4392 negari
973 4322 1052 4372 non
1074 4308 1207 4392 potest
1225 4298 1392 4393 linguam

209 4427 266 4496 sic
287 4438 327 4498 et
346 4431 561 4501 auctiorem
581 4442 621 4502 et
635 4434 757 4527 magis
771 4434 956 4504 variatam
971 4434 1170 4506 exstitisse
1184 4442 1225 4504 et
1238 4443 1393 4503 nactam
