3044 5070
746 481 789 557 52

175 685 272 757 infra
295 685 391 758 haec
415 686 532 758 habet
554 686 620 760 Vs.
635 687 676 758 B.
701 687 801 780 „sed
822 711 959 759 curare
974 688 1139 781 debere,
1164 713 1212 760 ne
1228 688 1357 785 hujus-

173 819 279 892 modi
306 823 573 914 suscipiantur,
597 845 696 916 quae
718 823 849 894 virtuti
870 822 1023 894 obicem
1046 836 1211 917 ponant,
1235 828 1354 897 etiam

174 978 225 1025 ex
253 978 386 1026 eorum
415 957 623 1048 sententia,
652 959 717 1051 qui
745 979 792 1028 ea
814 956 1061 1050 profitentur;
1085 961 1354 1052 magistratum

173 1089 303 1182 itaque
325 1087 438 1160 facile
461 1091 543 1161 sine
566 1088 781 1162 offensione
795 1089 970 1162 Numinis
985 1092 1133 1184 posse”
1154 1103 1353 1186 etqseqq.,

171 1223 235 1294 ubi
262 1226 401 1295 iterum
427 1224 552 1296 alinea
578 1227 807 1318 interposita
835 1225 1008 1298 editores
1035 1228 1147 1319 primi
1174 1225 1353 1298 ordinem

172 1358 328 1428 vitiasse
349 1357 538 1429 videntur.
561 1358 740 1430 Conferri
753 1361 870 1430 etiam
886 1371 1018 1451 potest
1032 1358 1170 1431 eadem
1185 1359 1354 1453 epistula

172 1490 301 1582 paullo
337 1514 471 1584 supra,
507 1491 571 1563 ubi
602 1490 735 1584 Land,
764 1504 978 1587 praeeunte
1005 1492 1072 1565 Vs,
1099 1492 1159 1585 B,
1187 1493 1353 1565 alineam

171 1625 209 1694 in
236 1622 307 1695 Ed.
335 1623 416 1713 Pr,
444 1648 544 1719 quae
562 1635 693 1704 totam
721 1627 954 1698 sententiam
975 1637 1236 1718 perverterat,
1259 1629 1353 1698 iam-

173 1757 324 1850 pridem
350 1761 532 1831 correxit.

220 1890 398 1986 Denique
429 1894 467 1963 in
495 1894 597 1964 notis
622 1891 879 1986 adiungendis
905 1891 1098 1986 interpres
1125 1894 1230 1990 Belg.
1257 1919 1353 1968 non-

170 2049 379 2120 numquam
401 2038 442 2099 et
464 2027 575 2098 aliter
596 2038 636 2099 et
658 2025 807 2099 felicius
828 2029 1021 2120 processit
1040 2050 1155 2121 quam
1178 2027 1352 2103 editores

170 2161 292 2252 primi.
328 2158 459 2254 Atque
492 2160 552 2232 hic
586 2163 725 2232 iterum
758 2161 943 2253 imprimis
970 2170 1178 2231 tractatum
1206 2160 1256 2232 de
1283 2164 1351 2235 int.

171 2315 244 2362 em.
280 2296 526 2387 respicimus,
561 2296 600 2365 in
633 2317 711 2389 quo
746 2293 837 2364 talia
869 2292 1181 2387 frequentissime
1215 2319 1353 2368 occur-

170 2438 269 2497 runt.
302 2426 376 2498 Ex.
411 2449 466 2520 gr.
501 2426 550 2500 de
582 2429 648 2498 int.
676 2451 749 2499 em.
778 2427 825 2516 78
851 2437 963 2517 nota,
992 2448 1091 2520 quae
1119 2428 1253 2521 incipit
1280 2453 1353 2523 per

169 2558 241 2650 „ld
265 2570 343 2651 est,
368 2563 440 2632 scit
462 2560 629 2634 sensus”
653 2571 847 2655 etqseqq.,
868 2561 906 2630 in
920 2559 987 2631 Vs.
1002 2559 1043 2630 B.
1058 2561 1131 2653 ipsi
1146 2565 1351 2635 contextui

171 2695 351 2765 inseritur
376 2692 451 2766 hoc
477 2693 615 2766 modo:
646 2692 749 2786 „sed
775 2691 986 2787 cogitando
1015 2691 1064 2764 de
1090 2691 1241 2766 fallacia
1264 2718 1352 2767 sen-

169 2851 279 2899 suum
314 2829 436 2899 oritur
462 2826 670 2921 dubitati03
700 2826 739 2898 id
766 2838 846 2918 est,
874 2828 948 2899 scit
974 2825 1142 2898 sensus”
1172 2839 1349 2924 etqseqq.

65 3012 69 3021 ‚
169 2960 316 3033 Contra
350 2960 440 3033 ibid.
468 2963 515 3053 89
541 2961 673 3033 ultima
700 2961 838 3034 verba:
868 2960 1027 3053 „Multa
1046 2960 1281 3035 affirmamus
1309 2975 1352 3035 et

166 3098 384 3189 negamus''
422 3106 598 3190 etqseqq.
634 3097 671 3166 in
703 3094 770 3168 Vs.
806 3094 846 3166 B.
883 3096 921 3165 in
947 3106 1080 3166 notam
1107 3094 1350 3190 relegantur3

167 3227 269 3299 haud
303 3231 384 3300 scio
412 3254 462 3300 an
488 3241 614 3322 recte,
649 3231 738 3325 quia
762 3232 800 3299 in
823 3229 992 3301 lectione
1015 3227 1088 3302 Ed.
1110 3228 1172 3301 Pr.
1195 3231 1351 3303 insolite

168 3361 280 3435 abest
318 3386 444 3435 nexus
482 3366 761 3436 sententiarum
797 3374 838 3434 et
873 3364 1116 3455 coniunctio,
1151 3374 1191 3434 et
1217 3362 1351 3436 obser-

166 3500 271 3568 vatio
317 3498 379 3568 illa
426 3500 480 3569 sic
520 3497 622 3569 nude
661 3499 789 3591 posita
829 3508 961 3568 notam
1001 3498 1131 3590 potius
1170 3495 1350 3569 redolere

169 3630 333 3703 videtur.

216 3763 336 3836 Hisce
360 3776 489 3835 autem
512 3767 767 3856 enumeratis,
793 3787 892 3859 quae
915 3787 995 3836 non
1014 3774 1164 3835 tantum
1180 3761 1231 3834 ad
1245 3765 1350 3835 evin-

168 3897 355 3990 cendum,
390 3899 501 3992 quale
537 3897 748 3971 subsidium
780 3897 847 3970 Vs.
876 3897 916 3968 Β.
945 3896 1116 3968 adhibita
1142 3876 1348 3989 lucremur,

166 4029 237 4102 sed
259 4054 383 4125 aeque
406 4031 552 4103 faciunt
572 4030 622 4103 ad
646 4030 968 4125 intellegendum,
992 4041 1177 4125 quantum
1192 4031 1230 4100 in
1246 4027 1348 4123 Opp.

167 4163 297 4235 Posth.
326 4164 506 4258 edendis,
535 4164 776 4255 ordinandis,
805 4163 1059 4236 emendandis
1080 4162 1152 4239 ,sibi
1176 4177 1350 4256 sumpse-

167 4299 242 4367 rint
276 4297 375 4369 Edd.
411 4310 584 4392 veteres,
613 4300 736 4391 hisce,
765 4300 940 4392 inquam,
969 4297 1224 4388 enumeratis,
1252 4318 1350 4368 cave

33 4520 36 4525 Ι
165 4455 216 4502 ne
240 4434 276 4503 in
301 4435 523 4526 opinionem
544 4433 711 4527 incidas,
733 4433 966 4513 Versionem
980 4431 1175 4526 Belgicam
1190 4431 1350 4502 omnino
