3120 5070
772 518 797 589 9

188 717 275 810 etsi,
299 717 464 810 tametsi,
488 719 606 790 immo
628 728 719 812 post
740 719 905 791 sive-sive
923 719 955 814 1)
967 748 976 814 ;
1001 719 1145 793 deinde
1167 733 1257 815 post
1281 720 1378 816 quod

191 860 232 923 et
259 849 569 946 quandoquidem,
598 851 767 947 denique
789 864 879 946 post
902 854 1109 949 quicunque
1130 866 1171 926 et
1193 863 1373 950 quantus-

190 1009 350 1080 cunque,
391 985 495 1081 (nam
536 984 653 1057 nolim
689 988 727 1056 In
761 989 969 1079 postremis
996 1010 1107 1060 usum
1135 989 1373 1059 comicorum

188 1118 443 1214 agnoscere):
471 1121 509 1190 in
537 1119 715 1193 omnibus
738 1119 795 1193 his
818 1122 1021 1194 sententiis
1043 1120 1126 1193 fere
1150 1120 1373 1193 indistincte

191 1276 293 1324 nunc
316 1251 549 1326 indicativus
571 1253 711 1326 modus
731 1278 833 1326 nunc
856 1253 1135 1327 Coniunctivus
1158 1252 1372 1345 adhibetur,

190 1396 322 1457 tamen
348 1388 420 1479 ita,
449 1398 492 1458 ut
519 1387 764 1460 Coniunctivi
791 1412 884 1461 usus
910 1389 1026 1482 longe
1052 1387 1286 1482 praevaleat.

185 1642 234 1693 tur
254 1670 285 1679 —
314 1637 493 1696 retinebuut.
521 1638 577 1712 Ep.
608 1637 742 1694 XXXV:
771 1635 870 1710 „Sive
897 1635 1066 1713 possideret
1086 1669 1126 1680 —
1146 1644 1224 1695 esset
1244 1668 1284 1679 —
1304 1635 1381 1693 redi·

180 1734 320 1807 gemur'';
343 1733 385 1792 ita
405 1743 438 1792 ut
459 1733 593 1793 dubitari
614 1732 726 1810 possit,
747 1752 822 1792 num
843 1743 925 1793 recte
946 1735 980 1794 L.
1002 1732 1035 1792 in
1054 1735 1140 1808 loco,
1159 1734 1198 1792 de
1208 1751 1270 1809 quo
1280 1751 1378 1810 paga

187 1830 319 1908 egimus,
341 1833 444 1891 Tract.
467 1832 532 1891 Pol.
555 1832 617 1904 VI,
643 1833 677 1890 16
699 1832 804 1905 „fiet”
824 1830 858 1889 in
879 1832 1016 1904 „fieret”
1037 1830 1208 1890 mutaverit.

229 1928 259 2009 1)
287 1927 372 1988 Huic
393 1931 521 1988 voculae
541 1929 624 1988 haud
645 1948 714 1989 raro
734 1929 816 2005 apud
837 1940 974 1988 nostrum
995 1927 1171 2006 adiungitur
1189 1928 1281 2005 quud,
1294 1926 1381 2003 quasi

186 2045 240 2103 per
259 2025 496 2100 abundantiam,
523 2025 566 2086 ita
592 2036 626 2086 ut
653 2027 715 2086 sere
736 2026 944 2086 Batavismum
971 2029 1077 2104 (hetzzj
1095 2025 1162 2104 dut)
1183 2026 1215 2085 in
1236 2025 1381 2084 Latinum

186 2142 359 2183 sermonem
388 2123 543 2201 irrepsisse
573 2123 740 2203 suspiceris
773 2125 867 2184 Cuius
900 2134 1082 2197 structurae,
1120 2142 1199 2199 quae
1225 2123 1380 2183 interdum

186 2220 363 2298 interpretes
383 2223 463 2282 male
483 2222 627 2282 habuisse
647 2222 783 2296 videtur,
805 2221 911 2281 notavi
930 2223 1008 2281 haec
1028 2223 1184 2298 exempla:

227 2321 297 2381 Eth.
318 2321 379 2393 III,
401 2321 450 2379 aff.
471 2321 535 2380 def.
561 2341 591 2379 1:
624 2319 714 2393 „sive
741 2338 776 2379 ea
803 2319 842 2380 sit
861 2319 985 2394 innata,
1015 2319 1080 2379 sive
1099 2320 1180 2396 quud
1195 2319 1261 2396 ipsa
1274 2362 1381 2379 ......

308 2416 371 2476 sive
391 2417 523 2494 denique
542 2419 654 2494 quod,”
677 2427 811 2494 etqseqq.

228 2517 297 2575 Eth.
318 2517 379 2590 IV,
406 2537 438 2588 1,
465 2517 575 2576 schol.:
598 2515 688 2589 „siue
708 2534 762 2575 eae
783 2516 952 2575 naturalem
975 2514 1109 2592 corporis
1131 2514 1384 2580 constitutionem,

308 2612 372 2673 sive
391 2615 472 2691 quud
489 2614 624 2675 eiusdem
644 2613 793 2692 agendi,’'
814 2623 950 2690 etqseqq.

228 2712 284 2789 Ep.
306 2712 426 2772 XLIII:
448 2711 539 2787 „sive
557 2712 646 2772 istam
658 2715 757 2789 legem
768 2711 828 2772 Dei
838 2711 911 2771 iuris
923 2712 937 2770 f
939 2730 1055 2771 ormam
1067 2713 1106 2771 ab
1118 2710 1185 2789 ipso
1196 2712 1264 2771 Deo
1274 2730 1383 2788 accep·

308 2809 366 2869 isse
390 2819 519 2871 statuam
541 2810 606 2871 sive
625 2812 706 2888 quod
722 2809 820 2887 ipsam
842 2809 1053 2887 concipiam,''
1075 2819 1212 2886 etqseqq.

229 2906 374 2967 Similiter
394 2911 446 2968 vel
460 2910 541 2985 quod
557 2909 696 2986 ponitur,
717 2909 920 2986 praecedente
940 2911 969 2968 si
988 2917 1018 2968 et
1039 2910 1108 2973 uisi.

229 3005 299 3065 Eth.
330 3007 375 3079 II,
397 3027 436 3083 49
458 3009 552 3068 schol.
574 3007 606 3066 in
629 3009 706 3066 fine:
729 3006 813 3080 „nisi
833 3005 1014 3084 imaginatio
1034 3005 1104 3082 equi
1125 3004 1198 3065 alati
1218 3003 1323 3063 iuncta
1345 3004 1383 3063 sit

309 3103 395 3163 ideae
406 3147 512 3170 ......
537 3106 585 3164 vel
605 3107 686 3182 quod
701 3104 831 3181 percipit
839 3105 869 3175 ,''
891 3113 1028 3179 etqseqq.

231 3200 276 3259 Cf.
309 3200 399 3260 etiam
431 3205 500 3263 Eth.
531 3204 587 3277 IV,
610 3218 666 3262 20:
688 3203 760 3275 „uel
774 3203 856 3278 quod
872 3202 1025 3277 cogatur''
1047 3209 1077 3259 et
1096 3201 1153 3275 Ep.
1174 3200 1310 3258 LXXV:
1333 3197 1384 3272 „si

189 3297 306 3357 bonum
337 3317 356 3357 a
386 3300 453 3359 Deo
484 3309 641 3377 tamquam
672 3299 777 3360 Iudice
804 3298 1006 3375 accipiamuS,
1026 3299 1078 3356 uel
1094 3297 1176 3373 quod
1196 3315 1234 3355 ex
1255 3295 1383 3355 necessi·

189 3397 289 3469 tate,''
310 3404 463 3473 etqseqq.,
484 3407 517 3457 ut
537 3397 647 3475 legitur
663 3397 696 3456 in
718 3398 858 3473 exemplo
879 3415 897 3456 a
919 3393 1211 3467 GerhardtIoedit03
1229 3401 1385 3468 praeterea

189 3493 232 3552 cs.
253 3495 309 3570 Ep.
330 3495 444 3554 XLIII.

230 3590 352 3650 Deinde
383 3593 491 3652 eodem
523 3595 616 3654 modo
648 3595 728 3669 „sed
753 3594 856 3670 quud”
887 3590 998 3668 legitur
1029 3590 1067 3649 de
1095 3589 1150 3649 int.
1173 3608 1232 3648 em.
1256 3591 1308 3663 67:
1332 3587 1385 3661 „si

190 3686 351 3750 existentia
372 3691 416 3750 rei
436 3710 499 3751 non
521 3692 559 3752 sit
578 3702 701 3753 aeterna
722 3691 849 3765 veritas,
869 3692 922 3750 scd
938 3690 1020 3766 quud
1036 3686 1200 3747 necessitas
1217 3686 1385 3764 pendeat,''

190 3795 341 3864 etqseqq.,
372 3792 477 3851 Tract.
509 3793 574 3852 Pol.
605 3793 666 3867 VI,
702 3810 754 3850 22:
781 3788 920 3865 „Quodsi
940 3807 998 3847 nec
1018 3788 1078 3845 hoc
1099 3784 1219 3857 fecerit,
1241 3785 1295 3843 sed
1310 3783 1391 3859 quud

191 3884 390 3960 consilium,”
410 3897 547 3965 etqseqq‚
553 3911 562 3964 3
584 3891 677 3966 VIII,
701 3892 755 3965 36:
778 3888 828 3962 „si
848 3887 955 3947 eadem
978 3903 1041 3945 non
1063 3882 1155 3942 fuerit
1175 3881 1318 3959 probata,
1338 3881 1392 3938 sed

188 3985 270 4060 quod
285 4002 431 4046 numerus
440 3987 468 4060 ,''
489 3996 624 4063 etqseqq.

230 4081 372 4158 Denique
393 4087 455 4144 huc
472 4095 589 4161 spectat
609 4087 680 4144 Eth.
703 4086 733 4158 I,
756 4103 809 4159 32,
832 4083 928 4143 schol.
951 4100 984 4140 2:
1007 4077 1063 4152 „Si
1084 4078 1167 4135 Deus
1189 4072 1387 4147 decrevisset,

189 4179 248 4238 hoc
269 4189 314 4239 est
334 4191 372 4240 ul
389 4181 475 4242 aliud
497 4184 535 4242 de
555 4192 665 4242 natura
687 4181 833 4242 voluisset
844 4181 873 4257 ,'’
895 4189 1030 4256 etqseqq.
1408 4242 1412 4246 .

228 4278 297 4337 Iure
324 4277 417 4355 igitur
445 4281 534 4339 Laud
562 4281 707 4340 refutasse
731 4279 853 4340 videtur
882 4277 970 4355 (tom.
991 4277 1037 4347 II,
1059 4272 1150 4350 praef.
1171 4290 1201 4346 p.
1222 4269 1291 4348 VI),
1313 4286 1391 4344 quae

190 4373 229 4434 de
259 4395 306 4453 ep.
342 4378 446 4435 XLIII
475 4377 642 4454 disputavit
673 4376 846 4438 Martineau
879 4373 912 4434 in
943 4372 1022 4433 libro
1053 4372 1108 4444 „A
1141 4368 1237 4444 Study
1265 4367 1301 4426 of
1328 4365 1391 4442 Spi-

189 4473 298 4547 noza’',
318 4492 350 4550 p.
371 4477 420 4550 98.
