3120 5070
764 467 806 540 17

237 677 364 770 Quam
392 677 589 770 egregiam
616 686 747 746 autem
768 673 938 768 Spinoza
958 675 997 745 in
1019 672 1137 747 domo
1158 672 1202 745 F.
1221 672 1268 745 Α.
1284 674 1370 746 vad.

187 808 327 881 Enden
354 820 491 880 nactus
515 809 564 880 sit
586 809 868 880 institutionem
892 807 1181 899 scholasticam,
1204 818 1244 879 et
1267 806 1372 902 apud

187 941 283 1015 alios
322 939 541 1036 philosophi
579 939 822 1034 biographos
855 938 988 1012 videre
1022 951 1082 1012 est
1115 950 1156 1011 et
1187 941 1372 1033 imprimis

187 1072 292 1170 apud
326 1073 526 1146 llleinsma.
563 1072 639 1165 Qui
673 1095 761 1143 cum
794 1073 833 1142 in
867 1072 964 1144 libro
1000 1071 1200 1165 „Spinoza
1227 1096 1277 1144 en
1303 1075 1373 1168 zijn

187 1208 343 1304 Kring.’'
372 1207 423 1279 de
445 1206 688 1279 celeberrimi
710 1204 808 1278 illius
830 1206 1005 1301 magistri
1030 1207 1109 1284 vita
1123 1206 1372 1302 moribusque

87 1392 88 1396 =
187 1352 337 1436 ageret,
378 1342 588 1434 praecipue
629 1338 798 1420 deeius
833 1338 1035 1433 praeclaro
1075 1341 1250 1435 ingeni0,
1285 1363 1373 1411 rara

187 1445 381 1566 doctrina,
414 1496 487 1544 nec
514 1496 593 1544 non
620 1470 670 1544 de
698 1473 780 1544 eius
800 1471 903 1544 felici
926 1495 1096 1566 vereque
1123 1472 1270 1544 liberali
1297 1470 1372 1545 dis·

187 1605 402 1700 cipulorum
424 1607 666 1678 institutione
690 1603 810 1676 multa
832 1615 872 1676 et
892 1603 1196 1678 luculentissima
1218 1628 1373 1678 enarra-

186 1741 259 1831 vit,
282 1736 333 1810 ad
355 1761 455 1833 quae
477 1738 667 1810 lectorem
690 1736 912 1832 delegatum
935 1737 1061 1844 velim.
1079 1737 1208 1810 Unum
1222 1750 1373 1810 tantum

187 1894 238 1943 ex
261 1874 344 1944 eius
365 1873 489 1966 copiis
511 1893 711 1965 apponere
735 1882 775 1943 et
796 1873 835 1942 in
858 1895 970 1944 usum
994 1882 1169 1942 nostrum
1192 1870 1372 1943 conferre

186 2003 312 2076 liceat.
353 2004 509 2077 Etenim
548 2027 635 2076 cum
671 2028 750 2077 non
786 2003 930 2097 desint,
959 2006 1024 2100 qui
1050 2005 1280 2098 imperitiam
1306 2003 1373 2075 lin-

185 2158 287 2230 guae
317 2137 500 2230 Latinae,
529 2160 643 2232 quam
671 2140 709 2209 in
735 2137 966 2232 philosopho
993 2148 1129 2210 nostro
1156 2160 1372 2232 agnoscere

189 2268 260 2341 sibi
283 2268 501 2361 videantur,
529 2293 601 2364 per
628 2272 721 2342 satis
746 2269 864 2342 breve
892 2281 1067 2363 tempus,
1095 2293 1171 2365 quo
1199 2268 1373 2341 lectioni-

186 2401 259 2474 bus
292 2404 464 2497 magistri
498 2401 734 2495 interfuerit,
767 2425 959 2475 excusare
988 2401 1190 2493 studeant,
1227 2424 1372 2496 operae

87 2559 90 2563 ·
187 2536 355 2627 pretium
391 2533 544 2607 videtur
576 2535 672 2608 haec
700 2559 872 2630 monere.
896 2535 938 2608 Si
964 2535 1068 2630 apud
1096 2535 1286 2608 Meinsma
1311 2535 1371 2608 l.l.

187 2691 223 2761 p.
239 2691 275 2761 p.
308 2669 375 2760 138
399 2681 440 2740 et
465 2686 532 2761 157
556 2680 735 2764 tempora
757 2682 866 2742 recte
888 2677 1180 2762 computamus,
1204 2667 1373 2763 Spinoza

187 2823 258 2895 per
284 2812 468 2896 quattuor
493 2801 554 2874 vel
581 2804 750 2899 quinque
777 2827 900 2876 annos
922 2805 1107 2898 magistro
1131 2830 1165 2875 v.
1181 2801 1217 2874 d.
1233 2803 1373 2876 Enden

187 2957 346 3029 operam
370 2933 527 3008 dedisse
550 2937 832 3010 existimandus
854 2950 925 3010 est.
951 2936 1067 3030 Quod
1091 2938 1275 3030 spatium,
1300 2939 1373 3009 etsi

186 3079 408 3141 nostrorum
430 3067 626 3140 hominum
651 3072 822 3164 opinioni
841 3071 997 3142 brevius
1020 3069 1188 3142 sortasse
1208 3069 1372 3161 videtur,

187 3213 318 3273 tamen
356 3203 428 3276 illis
466 3204 728 3298 temporibuS,
768 3205 999 3298 praesertim
1039 3205 1077 3274 in
1112 3215 1191 3275 tam
1227 3205 1373 3297 egregii

186 3337 358 3430 magistri
380 3334 518 3430 dom0,
542 3340 636 3410 satis
660 3361 854 3433 superque
875 3337 994 3410 luisse
1013 3348 1188 3430 apparet.
1209 3335 1373 3430 Perlege

186 3470 307 3561 enim,
348 3491 448 3563 quae
483 3467 532 3541 de
568 3473 694 3544 amico
731 3470 900 3566 quodam
936 3469 1148 3565 Spinozae,
1184 3467 1370 3541 Diderico

185 3600 448 3693 Kerckrinck,
480 3604 651 3695 optimae
679 3627 773 3676 sane
800 3607 884 3700 spei
911 3603 1183 3694 adulescente,
1212 3600 1373 3674 exhibet

187 3733 376 3807 bleinsma
408 3757 498 3828 p.p.
537 3737 604 3827 138
641 3760 748 3834 seqq.
784 3739 860 3833 Qui
896 3737 1027 3832 „nulla
1054 3736 1144 3829 alia,
1173 3738 1245 3808 nisi
1272 3758 1372 3830 quae

186 3869 226 3937 in
252 3867 499 3940 inferioribus
525 3868 667 3942 scholis
694 3875 916 3966 acquiritur,
950 3873 1113 3943 scientia
1141 3872 1371 3963 instructuS,

186 3998 338 4074 duobus
373 4000 492 4073 modo
528 4005 638 4076 annis
672 4016 762 4098 post
797 4008 890 4078 satis
923 4003 1097 4077 eruditus
1132 4001 1373 4073 academiam

185 4130 490 4227 Lugdunensem
523 4133 662 4224 adiit'’;
695 4160 812 4239 porro
841 4136 891 4210 de
919 4161 995 4232 quo
1019 4137 1166 4208 amicus
1192 4132 1373 4207 Andreas

187 4262 219 4335 F
222 4266 333 4338 risius
359 4265 557 4360 publicum
582 4269 669 4341 tulit
695 4273 959 4344 testimonium
987 4266 1225 4341 huiusmodi:
1254 4291 1373 4360 „nam

189 4397 273 4490 quis
299 4410 376 4492 est,
405 4401 496 4493 quin
523 4401 747 4497 admiretur,
776 4404 881 4499 quod
906 4415 967 4496 tu,
995 4413 1203 4498 postquam
1225 4399 1373 4473 duode-

1261 4535 1279 4581 2
