3120 5070
768 405 818 530 zo

196 681 275 730 non
297 661 369 732 nisi
383 659 648 754 perfunctorie
663 663 931 755 tractaverint,
954 661 1050 733 haec
1067 661 1244 735 exhibet:
1270 664 1379 757 „Sed

197 793 228 863 si
253 815 387 864 verum
414 796 570 867 omnino
597 793 807 866 dicendum
830 796 894 888 sit,
918 793 1103 868 doctores
1124 795 1235 892 hujus
1255 801 1379 870 scien-

195 926 272 997 tiae
299 929 499 1022 praecipui
526 940 615 1000 sunt
640 929 788 1001 Poetae
816 939 857 1000 et
883 928 1086 1022 Historici;
1109 930 1148 1000 in
1170 930 1308 1025 quibus
1328 930 1379 1003 ad

195 1061 322 1131 vivum
357 1059 514 1155 depingi
541 1073 582 1134 et
604 1061 790 1135 dissecari
813 1062 931 1155 solet,
967 1062 1176 1155 Quomodo
1198 1061 1379 1137 Affectus

195 1192 393 1265 excitandi
429 1206 518 1267 sunt
545 1207 585 1268 et
612 1194 879 1268 accendendi?
906 1194 1115 1289 Quomodo
1142 1195 1311 1268 leniendi
1338 1208 1379 1269 et

195 1325 425 1419 sopiendi?’'
474 1314 649 1424 etqs'eqq.
697 1328 830 1424 ltaque
876 1352 954 1400 non
995 1328 1150 1402 fortuna
1185 1330 1377 1426 quaedam

194 1457 264 1530 sed
303 1482 366 1532 res
401 1462 484 1554 ipsa
519 1473 559 1533 et
586 1473 872 1556 argumentum,
900 1460 1006 1557 quod
1032 1462 1104 1534 sibi
1130 1462 1377 1535 tractandum

192 1604 453 1687 proposuerat
490 1592 758 1688 philosophus,
798 1617 886 1665 eum
926 1594 976 1666 ad
1008 1606 1147 1688 poetas
1180 1607 1376 1692 tamquam

192 1723 243 1796 ad
275 1728 445 1820 optimos
473 1729 810 1824 peritissimosque
835 1730 1041 1823 magistros
1069 1727 1282 1801 deduxisse
1308 1753 1376 1824 pu-

194 1858 312 1930 tanda
340 1870 440 1932 sunt.

243 1992 318 2085 Qui
345 2005 476 2065 autem
502 1993 647 2066 lactum
675 1996 739 2086 sit,
767 2004 809 2066 ut
831 2005 988 2087 praeter
1007 2005 1162 2068 ceteros
1185 1993 1376 2067 comicum

193 2125 410 2200 Romanum
445 2139 524 2199 tam
561 2130 703 2200 eximie
738 2127 923 2202 dilexisse
951 2139 992 2200 et
1017 2128 1160 2201 fovisse
1188 2140 1376 2222 appareat

193 2272 337 2354 noster,
377 2238 524 2355 optime
563 2285 614 2334 ex
653 2263 732 2334 vita
770 2259 854 2356 ipsa
892 2260 1111 2356 philosophi
1144 2261 1374 2355 explicatur.

191 2392 346 2465 Etenim
385 2406 487 2467 teste
528 2394 718 2469 Meinsma
756 2395 816 2468 l.l.
858 2420 895 2491 p.
910 2419 947 2490 p.
989 2415 1057 2486 134
1089 2417 1196 2490 seqq.
1231 2418 1278 2466 ea
1304 2394 1375 2466 luit

147 2581 149 2585 ,
190 2526 397 2601 methodus
412 2527 592 2623 docendi,
608 2554 724 2626 quam
739 2529 913 2602 adhibuit
927 2531 1112 2624 magister
1126 2554 1159 2600 v.
1170 2526 1206 2599 d.
1221 2527 1373 2622 Enden,

190 2671 233 2731 ut
267 2661 492 2735 comoedias
526 2661 719 2756 Terentii,
747 2665 925 2734 nimirum
952 2662 1002 2734 ad
1029 2663 1254 2733 interiorem
1281 2685 1374 2734 con-

191 2794 435 2867 suetudinem
476 2796 628 2892 linguae
667 2796 832 2868 Latinae
867 2793 1192 2886 contrahendam,
1226 2792 1374 2888 perdis-

190 2926 336 2999 cendas
368 2927 565 3023 discipulis
591 2928 785 3021 traderet,
822 2927 964 3001 deinde
991 2930 1029 2998 in
1056 2950 1176 3000 scena
1201 2925 1375 3022 agendas

191 3070 356 3130 curaret.
401 3061 433 3155 1)
485 3060 605 3132 Immo
644 3063 738 3155 ipsis
775 3064 820 3134 iis
859 3063 987 3152 annis,
1028 3059 1166 3156 quibus
1206 3058 1374 3152 Spinoza

190 3188 416 3286 disciplinae
443 3219 476 3265 v.
505 3192 541 3265 d.
569 3192 709 3265 Enden
736 3192 956 3265 interfuisse
979 3204 1019 3265 et
1038 3195 1212 3287 magistri
1238 3203 1373 3264 contu-

188 3324 357 3398 bernalis
379 3325 498 3399 fuisse
521 3326 697 3420 traditur,
719 3325 872 3419 incidit,
896 3336 939 3398 ut
953 3328 992 3396 in
1006 3326 1199 3421 publicam
1215 3348 1372 3397 scenam

188 3458 391 3553 prodirent
417 3460 518 3532 duae
545 3459 697 3533 fabulae
726 3459 928 3533 Terentii:'
946 3484 999 3533 sc.
1026 3458 1175 3532 Andria
1202 3459 1238 3532 d.
1270 3461 1313 3530 16
1334 3471 1374 3532 et

189 3593 225 3666 d.
266 3610 319 3686 17,
355 3618 404 3666 m.
436 3593 512 3666 lan.
543 3596 635 3687 1657
662 3606 702 3667 et
728 3593 940 3667 Eunuchus
967 3593 1004 3666 d.
1032 3614 1074 3665 21
1106 3604 1147 3665 et
1172 3592 1208 3665 d.
1237 3614 1294 3686 22,
1322 3618 1371 3665 m.

188 3725 275 3797 lllai.
292 3728 399 3819 1658,
415 3726 531 3823 idque
546 3739 678 3822 partes
693 3728 897 3822 agentibus
911 3727 1109 3821 discipulis
1123 3752 1156 3799 v.
1168 3725 1204 3798 d.
1220 3724 1371 3797 Enden.

189 3858 298 3951 Quae
319 3882 382 3932 res
404 3871 571 3955 quantos
593 3863 825 3934 excitaverit
846 3861 1042 3934 hominum
1063 3883 1239 3933 rumores
1253 3882 1373 3955 quan-

187 4003 344 4087 tamque
378 3992 606 4066 accenderit
641 3993 917 4087 offensionem,
953 3994 1129 4089 perlegat
1156 3994 1241 4088 quis
1267 3990 1372 4085 apud

187 4124 393 4218 llleinsma,
433 4128 498 4222 qui
536 4127 661 4200 nullus
700 4127 871 4222 dubitat,
912 4131 1003 4224 quin
1037 4127 1109 4200 illis
1138 4125 1373 4220 spectaculis

225 4403 252 4475 1)
275 4401 459 4461 Conferatur
479 4401 602 4480 insuper
623 4403 775 4463 Meinsma
796 4406 847 4466 l.l.
869 4425 898 4481 p.
925 4424 991 4464 202.
