3120 5070
771 487 792 560 7

187 703 226 763 et
266 691 493 787 simpliciter
526 690 714 784 explicari
740 703 923 785 possunt,
950 690 1024 764 hoc
1052 702 1130 783 est,
1158 691 1236 762 noli
1262 692 1369 785 igno-

123 830 124 833 ’
188 827 336 896 rantiae
363 824 424 896 vel
451 825 627 897 inscitiae
653 823 843 918 tribuere,
872 847 971 919 quae
998 826 1169 897 incuriae
1197 823 1369 897 socordi-

187 981 312 1052 aeque
336 968 425 1031 sunt
447 956 604 1050 indicia,
629 980 757 1053 neque
779 961 950 1032 auctoris
973 961 1175 1032 scientiam
1197 969 1237 1030 et
1257 982 1368 1031 usum

188 1091 341 1185 linguae
374 1089 539 1163 Latinae
574 1092 781 1164 aestimare
816 1115 869 1165 ex
904 1093 969 1186 iis,
998 1114 1117 1187 quae,
1145 1093 1369 1185 priusquam

190 1224 471 1319 evulgarentur,
499 1224 571 1298 sibi
597 1237 637 1297 et
663 1227 798 1299 amicis
825 1227 1132 1320 conscripserat,
1160 1224 1368 1319 neglegen-

187 1359 279 1450 tius,
315 1370 358 1431 ut
391 1358 435 1431 fit
467 1361 506 1430 in
532 1359 691 1453 talibus,
720 1358 903 1432 nonnulla
929 1361 1239 1454 interspargens,
1268 1382 1367 1454 quae

188 1488 339 1563 futurae
374 1491 557 1566 editionis
594 1495 822 1566 minutiores
858 1516 974 1566 curae
1010 1504 1151 1587 sponte
1185 1492 1368 1565 emenda-

188 1634 297 1696 turae
341 1637 493 1719 essent;
539 1626 708 1722 denique
747 1628 825 1700 noli
863 1651 935 1722 pro
975 1626 1077 1721 stylo
1116 1628 1250 1699 nescio
1290 1647 1367 1719 quo

187 1757 247 1830 vel
274 1757 496 1832 elocutione
522 1760 583 1832 vel
610 1762 800 1835 sermonis
826 1784 899 1834 usu
926 1783 1162 1858 agnoscere,
1191 1781 1291 1855 quae
1317 1757 1367 1830 ad

187 1916 377 1965 summum
413 1905 563 1966 certum
600 1894 797 1990 quoddam
824 1896 1004 1967 vitiorum
1030 1917 1154 1990 genus
1181 1890 1368 1965 constitu-

186 2037 274 2119 unt,
315 2026 420 2120 quod
459 2038 590 2100 tamen
629 2040 670 2100 et
708 2027 813 2123 apud
851 2028 948 2101 alios
987 2026 1292 2123 deprehenditur
1327 2036 1367 2097 et

186 2162 343 2231 omnino
365 2159 447 2233 fere
470 2160 509 2233 id
532 2172 609 2253 est,
632 2163 670 2232 in
692 2161 798 2255 quod
811 2161 969 2254 Latine,
985 2163 1170 2256 imprimis
1185 2170 1367 2232 currente

187 2292 353 2386 calamo,
382 2293 599 2367 scribentes
625 2297 794 2367 maxime
820 2294 1013 2388 proclives
1040 2316 1127 2367 esse
1154 2293 1292 2366 solent.

236 2426 363 2521 Igitur,
400 2430 431 2500 si
466 2430 542 2500 iam
570 2429 768 2523 exempla,
796 2451 896 2524 quae
923 2429 961 2499 in
988 2426 1252 2522 superioribus
1279 2448 1367 2520 per-

188 2559 449 2654 lustravimus,
478 2572 675 2657 tamquam
708 2563 931 2636 testimonia
953 2560 1004 2633 ad
1017 2559 1212 2656 Spinozae
1226 2559 1367 2653 stylum

187 2693 504 2788 cognoscendum
531 2695 730 2768 reicienda
752 2706 859 2789 sunt,
882 2694 1017 2789 liceat,
1041 2696 1224 2791 quoniam
1246 2693 1366 2768 semel

185 2825 235 2899 de
258 2829 341 2901 eius
363 2831 528 2902 scientia
548 2829 701 2925 linguae
714 2829 891 2923 Latinae,
907 2829 957 2903 de
972 2851 1153 2902 sermone
1167 2839 1207 2900 et
1220 2849 1367 2922 genere

185 2961 341 3034 dicendi
368 2966 544 3058 quaestio
570 2965 745 3037 instituta
771 2976 850 3057 est,
884 2965 958 3037 alia
984 2964 1285 3056 circumspicere
1311 2962 1367 3032 in-

186 3094 288 3167 dicia
314 3107 354 3166 et
380 3119 428 3168 ea
455 3094 619 3189 addere,
644 3120 743 3192 quae
766 3097 985 3192 philosophi
1008 3120 1129 3192 opera
1148 3095 1366 3190 perlegenti

186 3251 274 3301 sese
301 3226 442 3301 offerre
469 3228 607 3301 solent.

234 3361 366 3456 Atque
401 3364 525 3456 prima
555 3385 638 3455 res,
667 3385 767 3458 quae
794 3363 1005 3459 quemlibet
1030 3365 1219 3437 lectorem
1246 3360 1368 3435 offen-

185 3495 270 3590 dat,
294 3495 453 3569 libertas
477 3507 538 3569 est
560 3496 640 3590 illa,
666 3520 741 3593 qua
763 3522 855 3572 usus
877 3509 937 3571 est
958 3508 1096 3570 auctor
1115 3500 1154 3568 in
1167 3495 1367 3569 vocabulis

184 3641 225 3702 et
251 3629 510 3702 locutionibus
537 3629 744 3726 eligendis,
771 3633 825 3703 ita
851 3643 893 3703 ut
919 3630 1002 3703 fere
1029 3641 1152 3702 totam
1178 3628 1367 3702 Latinita-

185 3771 264 3833 tem
305 3765 573 3858 complectens
612 3764 732 3838 modo
771 3764 858 3836 hinc
893 3764 1012 3837 modo
1047 3764 1148 3836 illinc
1184 3763 1367 3835 nonnulla

187 3891 474 3989 deprompserit
508 3908 548 3968 et
584 3899 622 3968 in
658 3921 769 3970 suum
803 3922 914 3971 usum
948 3899 1196 3970 converterit.
1227 3895 1368 3990 Neque

186 4027 287 4097 enim
322 4029 360 4097 in
395 4028 553 4122 singulis
580 4030 778 4103 vocabulis
805 4031 1034 4105 adhibendis
1060 4054 1187 4127 neque
1215 4032 1253 4100 in
1280 4052 1368 4102 sen-

186 4161 315 4232 tentiis
338 4161 620 4235 connectendis
643 4162 709 4257 Sp.
730 4165 830 4236 intra
851 4164 936 4238 illos
956 4167 1049 4238 satis
1068 4175 1255 4260 angustos
1268 4163 1368 4236 fines

185 4315 227 4364 se
255 4295 464 4386 continuit,
493 4294 630 4388 quibus
652 4297 827 4392 plerique
849 4301 1090 4371 recentiores
1111 4297 1252 4370 Latine
1275 4299 1366 4371 scri-

183 4425 323 4499 bentes
346 4449 388 4498 se
411 4425 596 4499 cohibere
619 4428 797 4523 student,
820 4432 920 4503 intra
942 4432 1163 4525 classicum,
1188 4443 1230 4504 ut
1251 4455 1372 4504 voca-
