3120 5070
689 497 801 571 *55

161 761 166 768 .
234 702 344 774 Haec
371 712 501 774 autem
529 703 622 774 satis
649 701 749 774 levia
777 713 866 774 sunt
892 725 1020 797 neque
1048 703 1236 775 lectorem
1263 727 1368 799 mag-

135 882 138 886 *
185 859 337 930 nopere,
371 848 582 908 morantur.
624 835 758 908 Paullo
798 838 955 909 maioris
995 839 1181 909 momenti
1216 837 1291 909 loci
1317 837 1367 909 illi

186 982 293 1062 sunt,
321 968 385 1041 ubi
412 971 606 1064 interpres
631 969 692 1042 vel
720 973 891 1066 integras
918 995 1038 1044 voces
1065 971 1125 1043 vel
1153 975 1368 1045 sententias
1397 981 1402 989 '

185 1104 298 1198 plane
334 1106 528 1198 omiserit3
560 1128 622 1176 ex.
656 1127 711 1199 gr.
748 1102 798 1176 de
831 1106 896 1176 int.
925 1129 999 1177 ern.
1030 1124 1075 1198 54
1101 1117 1210 1197 nota,
1239 1105 1303 1178 ubi
1330 1109 1369 1177 in

186 1240 293 1311 initio
332 1238 451 1311 verba
491 1241 652 1331 „statim
692 1241 809 1311 etiam
849 1239 1074 1332 ostendam,
1121 1239 1227 1335 quod
1266 1240 1367 1311 nulla

185 1371 291 1446 fictio
330 1383 507 1445 versetur
546 1374 650 1444 circa
688 1378 869 1456 aeternas
906 1373 1122 1446 veritates’'
1158 1376 1196 1444 in
1230 1373 1297 1446 Vs.
1325 1374 1365 1446 B.

186 1505 476 1598 desiderantur,
506 1506 644 1600 quibus
670 1517 801 1578 tamen
828 1509 893 1578 vix
920 1530 1056 1579 carere
1084 1530 1291 1600 possumus
1317 1508 1367 1580 ad

187 1642 419 1713 sententiam
441 1641 613 1712 auctoris
636 1639 749 1733 plane
773 1639 1084 1734 intellegendam.
1101 1639 1220 1713 Simili
1236 1665 1368 1714 socor-

187 1773 267 1866 dia,
303 1787 345 1846 ut
380 1773 550 1874 videtur,
587 1775 730 1846 omissa
766 1785 855 1846 sunt
889 1776 927 1844 in
953 1773 1095 1847 eodem
1125 1785 1294 1847 tractatu
1320 1778 1365 1867 63

189 1905 316 1999 „Nam
350 1930 413 1980 res
447 1907 510 1978 illa
544 1930 623 1979 non
650 1931 702 1978 ex
728 1919 839 2001 parte
867 1907 938 1979 sed
964 1918 1048 1979 tota
1075 1919 1141 1980 aut
1168 1908 1257 1979 nihil
1284 1910 1368 2004 ejus
1411 1885 1412 1890 ἵ

186 2041 433 2112 innotescere
448 2039 642 2132 debebit‚”
663 2040 800 2134 quibus
815 2038 943 2113 v‘erbis
958 2043 1110 2114 omissis
1124 2044 1367 2115 ratiocinium

189 2172 477 2268 quodammodo
513 2173 726 2266 claudicat,
762 2185 870 2246 certe
897 2177 1022 2247 minus
1047 2174 1149 2246 bene
1176 2176 1365 2269 procedit.

235 2307 357 2380 Porro
385 2306 475 2379 addi
495 2321 659 2402 possunt
681 2308 757 2381 loci
779 2320 1009 2402 sequentes,
1038 2309 1093 2404 (in
1115 2309 1253 2403 quibus
1276 2332 1367 2381 enu-

187 2441 401 2532 merandiS,
426 2463 474 2512 ne
490 2444 591 2513 iusto
606 2442 757 2537 longior
770 2443 883 2515 fieret
897 2445 1039 2535 oratio,
1058 2455 1208 2515 tantum
1223 2467 1270 2515 ea
1284 2445 1367 2537 ipsa

187 2574 306 2647 verba
332 2575 593 2647 exscribenda
620 2578 768 2668 curavi,
803 2600 902 2671 quae
930 2579 967 2647 in
990 2577 1056 2650 Vs.
1080 2577 1120 2648 B.
1144 2576 1367 2650 desideran-
1441 2637 1444 2642 .

187 2713 283 2803 tur):
305 2709 392 2780 Eth.
408 2709 439 2802 1,
460 2730 523 2802 24,
548 2709 678 2783 coroll.
696 2727 770 2804 ,·,-
786 2713 866 2784 sive
882 2689 940 2807 (ut
953 2714 1119 2785 termino
1135 2711 1368 2785 scholastico

167 2843 287 2939 utar)
315 2843 441 2916 Deum
469 2867 556 2917 esse
584 2868 741 2918 causam
769 2828 924 2919 essendi
948 2847 1119 2940 rerum”;
1140 2845 1270 2918 Tract.
1285 2846 1365 2919 Pol.

186 2976 233 3070 V,
261 2995 293 3067 7.
323 2991 394 3071 „et
420 2977 470 3049 ad
498 2978 571 3050 hoc
599 2977 648 3050 de
676 2979 978 3072 prudentissimo
1006 2983 1081 3052 isto
1100 2982 1181 3053 viro
1205 2978 1367 3050 creden-

188 3110 279 3183 dum
301 3114 424 3208 magis
446 3110 631 3203 adducor,
657 3114 746 3206 quia
767 3135 838 3205 pro
862 3112 1040 3185 libertate
1062 3112 1181 3186 luisse
1195 3124 1366 3205 constat,

187 3244 238 3317 ad
265 3270 379 3341 quam
407 3248 524 3318 etiam
551 3246 735 3317 tuendam
763 3245 1014 3318 saluberrima
1041 3247 1200 3318 consilia
1223 3246 1366 3318 dedit.''

187 3378 254 3473 Vl,
287 3383 344 3452 26.
380 3379 492 3473 „Sed
519 3380 616 3450 haec
643 3379 775 3452 forsan
802 3378 1000 3451 observari
1026 3403 1104 3452 non
1130 3392 1292 3474 possent
1319 3380 1367 3451 ab

187 3515 250 3606 iis,
291 3515 372 3608 qui,
406 3513 562 3609 quando
592 3515 769 3608 quaestio
804 3512 853 3585 de
890 3486 1049 3584 crimine
1077 3524 1155 3605 est,
1183 3524 1367 3585 nontam

187 3650 425 3742 argumentis
459 3671 574 3742 quam
601 3649 805 3719 tormentis
831 3671 940 3720 reum
968 3649 1200 3719 convincere
1228 3647 1365 3720 solent.

188 3780 334 3854 Verum
373 3806 446 3854 nec
485 3783 590 3878 ego'’
626 3796 802 3877 etqseqq.
837 3806 961 3877 usque
989 3781 1038 3854 ad
1064 3781 1190 3853 finem.
1219 3781 1304 3873 Vll,
1335 3800 1365 3874 5.

190 3915 345 4008 „Nemo
384 3918 486 3988 enim
525 3917 661 3989 volens
700 3918 903 4009 imperium
942 3916 1053 3987 alteri
1088 3915 1289 4008 concedit,
1325 3928 1367 3987 ut

189 4050 307 4122 habet
346 4049 549 4124 Sallustius
587 4054 625 4122 in
659 4052 782 4146 prima
815 4050 865 4122 ad
900 4050 1111 4123 Caesarem
1145 4052 1321 4121 oratione
1334 4050 1365 4141 ;”

189 4183 357 4278 denique
396 4183 496 4276 Vlll,
547 4206 574 4255 1.
615 4184 745 4276 „Dico
785 4184 1006 4277 expresse”
1046 4195 1086 4255 et
1124 4195 1227 4275 tota,
1267 4206 1366 4277 quae

189 4320 373 4413 sequitur,
401 4318 590 4413 digressio
618 4318 667 4390 de
694 4317 916 4390 discrimine
938 4319 1038 4388 inter
1058 4319 1366 4388 aristocraticum
1421 4311 1425 4319 ’

187 4462 228 4523 et
255 4450 562 4524 democraticum
588 4454 791 4546 imperium
814 4475 937 4546 usque
958 4451 1008 4523 ad
1032 4450 1117 4544 „At
1139 4453 1170 4523 si
1192 4452 1229 4522 hi
1248 4451 1365 4545 duo'’;
