3120 5070
753 461 797 533 72

182 663 302 736 cunt''
339 675 379 735 et
406 685 502 759 quas
528 661 605 734 vidi
631 666 848 756 versiones,
883 665 1011 736 malim
1032 689 1220 760 praesens
1242 690 1371 758 „con-

184 796 385 869 cludunt”.
426 795 485 868 Cf.
513 795 579 868 Vs.
607 797 666 875 B.:
703 821 777 889 „zo
805 798 984 871 berluz'ten
1010 802 1051 894 zij
1080 799 1260 872 daaruit”
1289 813 1369 873 etc.

232 1063 318 1136 Lib.
346 1063 385 1135 ΙΙ.
414 1065 454 1154 8,
487 1062 623 1135 schol.:
653 1062 835 1158 „Nempe
863 1065 1030 1137 circulus
1055 1064 1143 1138 talis
1169 1079 1230 1139 est
1256 1078 1370 1139 natu—

184 1220 270 1289 rae,
304 1209 346 1269 ut
380 1199 551 1269 omnium
585 1196 772 1269 linearum
799 1210 1012 1288 rectarum,
1043 1199 1081 1268 in
1108 1198 1249 1270 eodem
1278 1222 1370 1272 sese

184 1333 349 1402 invicem
389 1332 622 1422 secantium,
664 1331 889 1426 rectangula
929 1331 999 1404 sub
1040 1335 1251 1426 segmentis
1291 1335 1371 1405 sint

186 1467 286 1536 inter
313 1487 355 1536 se
383 1463 595 1558 aequalia.''

234 1597 391 1669 Haereo
419 1600 457 1668 in
484 1596 547 1669 illo
576 1599 672 1689 „sub
698 1599 946 1692 segmentis.”
972 1597 1040 1670 Vs.
1067 1599 1108 1670 Β.
1132 1622 1370 1695 quamquam

185 1733 224 1801 in
262 1729 336 1802 hoc
375 1729 462 1802 loco
497 1729 652 1802 turbata
687 1742 765 1822 est,
803 1733 937 1803 inserit
972 1730 1247 1826 „begrepen'';
1280 1734 1302 1803 i.
1333 1755 1369 1804 e.

186 1864 501 1958 „comprehensa
527 1863 598 1936 sub
626 1864 873 1958 segmentis.’'

235 1999 356 2071 Multo
384 1998 524 2071 clarius
552 1999 690 2071 eadem
717 2022 781 2071 res
807 1997 1032 2094 designatur
1057 1997 1130 2093 Ep.
1158 1998 1266 2070 LIX:
1296 2001 1370 2091 „in

185 2131 341 2204 infinitis
369 2131 603 2227 rectangulis
632 2131 703 2204 sibi
730 2133 895 2204 invicem
922 2131 1163 2228 aequalibuS,
1193 2132 1318 2228 factz's
1345 2159 1370 2205 a

185 2269 396 2361 segmentis
444 2264 607 2338 duarum
646 2265 874 2337 linearum'’.
919 2263 1032 2338 Unde
1072 2267 1189 2337 etiam
1224 2263 1367 2360 liquet,

186 2401 430 2492 participium
457 2396 518 2469 hic
544 2400 677 2494 utique
704 2396 928 2469 desiderari.

235 2664 324 2738 ibid.
365 2666 426 2757 18,
463 2663 601 2736 schot:
638 2675 712 2755 „ut
741 2687 803 2736 ex.
830 2686 885 2758 gr.
914 2686 965 2735 ex
993 2664 1230 2757 cogitatione
1258 2666 1367 2736 vocis

179 2800 285 2895 pomi
316 2798 433 2870 homo
467 2797 665 2869 Romanus
693 2799 822 2869 statim
848 2799 886 2867 in
912 2799 1190 2891 cogitationem
1217 2795 1367 2870 fructus

186 2933 350 3005 incidit”
379 2946 555 3029 etqseqq.

235 3066 350 3138 Haud
391 3069 491 3158 scic,
527 3090 577 3137 an
611 3067 838 3138 concinnius
873 3062 1080 3157 „incidet'’
1116 3062 1284 3158 legatur;
1317 3063 1366 3135 cs.

187 3212 257 3293 „et
284 3202 338 3273 sic
366 3202 629 3295 unusquisque
657 3197 802 3270 incidet
813 3199 846 3289 '',
884 3197 1024 3290 „miles
1051 3198 1180 3269 statim
1203 3199 1241 3267 in
1263 3199 1367 3291 cogi-

186 3335 374 3406 tationem
400 3332 576 3404 incidet'’
605 3335 726 3404 etsie
753 3332 895 3427 ubique
923 3333 962 3402 in
989 3330 1252 3426 sequentibus.

234 3465 301 3540 Vs.
329 3467 389 3537 B.:
421 3524 549 3538 ......
576 3466 641 3538 aul
664 3477 835 3539 terstont
861 3490 912 3560 op
939 3465 988 3537 de
1011 3464 1184 3560 denking
1204 3489 1278 3536 van
1293 3487 1367 3536 een

186 3600 324 3672 vrucht
350 3599 511 3672 vallen.''

236 3867 325 3939 ibid.
362 3885 426 3959 25,
463 3865 583 3938 dem:
610 3909 656 3917 -
684 3876 875 3960 quatenus
909 3875 1116 3935 externum
1148 3865 1274 3958 ipsum
1301 3862 1367 3934 hu-

187 4025 342 4073 manum
370 4000 523 4095 Corpus
550 4011 660 4071 certo
687 3997 857 4094 quodam
883 3995 1001 4068 modo
1028 3996 1300 4069 determinat.'’

236 4135 276 4206 ln
312 4137 504 4207 sententia
532 4134 711 4228 ambigua
738 4133 866 4204 malim
894 4143 1132 4224 „externum
1160 4129 1366 4227 [corpus]'’

187 4272 378 4361 inserere,
405 4269 511 4364 quod
537 4272 575 4341 in
603 4268 855 4364 sequentibus
877 4288 1032 4363 quoque
1056 4289 1211 4360 semper
1234 4265 1368 4337 adiun-

187 4405 289 4497 gitur
314 4402 362 4475 ab
390 4415 561 4474 auctore.
