3120 5070
759 502 805 590 89

188 748 347 819 prorsus
368 721 531 814 afuisse,
554 724 684 818 itaque
700 725 754 794 sic
769 723 1083 819 distinguendum
1099 747 1207 796 esse:
1237 781 1256 816 „
1267 722 1366 794 arbi-

187 870 322 949 tratur,
370 867 562 953 quatenus
608 857 711 928 intus
755 858 794 927 in
832 869 963 929 mente
1003 857 1234 949 subsistunt3
1282 856 1367 927 illae

190 990 375 1085 semper’'
405 1002 580 1086 etqseqq.

237 1258 308 1352 Ep.
344 1257 455 1330 LVII.
492 1258 667 1330 Favente
702 1258 767 1332 Vs.
803 1260 843 1330 B.
881 1258 977 1332 haec
1014 1262 1066 1331 ita
1094 1258 1367 1356 distinguenda

188 1390 382 1464 videntur:
425 1391 553 1485 „Quis
587 1394 689 1464 enim
722 1392 812 1464 mihi
847 1405 1028 1488 negaret,
1065 1396 1136 1466 nisi
1172 1392 1366 1465 contradi-

188 1523 315 1597 cendo
350 1526 531 1618 propriae
566 1528 848 1618 consolentiae‚
894 1525 990 1621 quod
1018 1550 1095 1598 non
1129 1550 1288 1620 possum
1327 1529 1365 1597 in

189 1661 284 1730 meis
317 1659 617 1754 cogitationibus
650 1662 843 1755 cogitare,
879 1683 941 1732 me
976 1659 1074 1732 velle
1101 1660 1271 1732 scribere
1299 1671 1366 1732 aut

189 1816 266 1864 non
301 1792 492 1884 scribere,
527 1805 585 1885 et,
620 1792 750 1890 quoad
778 1795 1045 1887 operationem
1074 1816 1248 1890 quoque,
1277 1795 1366 1890 quia

187 1925 261 1998 hoc
308 1939 496 1999 externae
543 1950 684 2000 causae
723 1927 952 2021 permittunt
993 1926 1113 2023 (quod
1152 1926 1366 1999 secundum

188 2063 390 2132 concernit
416 2061 581 2155 casum),
611 2059 707 2155 quod
730 2058 911 2155 equidem
933 2072 1012 2131 tam
1035 2059 1229 2132 scribendi
1251 2083 1365 2154 quam

188 2214 266 2263 non
293 2192 487 2265 scribendi
513 2192 738 2266 facultatem
765 2192 981 2264 habeam?”
1005 2193 1109 2265 Nota
1132 2195 1186 2266 sic
1210 2192 1366 2265 demum

188 2323 351 2397 alterum
378 2325 469 2398 illud
498 2326 652 2422 „quod”
680 2326 844 2418 habere,
872 2326 975 2399 unde
1003 2326 1184 2422 pendeat.

236 2459 403 2555 Negatio
431 2458 567 2557 „quod
594 2486 667 2533 non
693 2485 850 2556 possum
864 2462 882 2489 ''
912 2484 1163 2557 quamquam,
1191 2463 1222 2532 si
1248 2460 1367 2532 verba

190 2595 385 2665 severiore
424 2596 567 2665 trutina
606 2595 901 2690 perpendimus,
941 2593 1113 2667 abundat
1151 2605 1191 2666 et
1230 2593 1366 2666 melius

188 2726 317 2820 abest,
348 2740 479 2800 tamen
505 2731 655 2801 auctori
680 2729 1000 2821 Tschirnhausio,
1029 2752 1107 2800 non
1134 2731 1187 2800 ita
1213 2730 1365 2799 curiose

188 2862 390 2955 scribenti,
418 2863 678 2936 condonanda
703 2863 874 2957 videtur3
902 2874 1108 2957 praeterea
1129 2861 1237 2954 vide,
1264 2883 1365 2956 quae

188 2993 236 3066 de
270 2997 510 3088 auctorIbus,
544 3020 638 3090 prae
665 3000 780 3069 nimia
807 3000 1056 3092 negationum
1084 2997 1183 3068 serie
1211 3006 1365 3068 senten-

187 3129 278 3198 tiam
319 3151 454 3222 parum
494 3140 601 3200 recte
640 3129 947 3220 absolventibus,
989 3129 1269 3224 disputavimus
1314 3127 1364 3198 ad

187 3285 223 3355 p.
247 3282 293 3349 42
318 3274 357 3334 et
379 3284 479 3358 quae
502 3285 595 3333 mox
618 3261 668 3334 ad
681 3262 780 3357 Epp.
796 3261 936 3333 LXVII
952 3274 991 3334 et
1005 3262 1187 3334 LXXXII
1203 3273 1364 3334 annota-

187 3397 262 3467 turi
289 3420 431 3470 sumus.

236 3662 307 3757 Ep.
334 3661 441 3734 LXI:
470 3663 593 3755 „dum
621 3686 707 3735 eam
734 3685 786 3734 ex
813 3686 861 3734 eo
888 3661 990 3757 pede
1017 3663 1221 3755 metiebar,
1249 3687 1364 3758 quam

188 3794 476 3889 Theologorum
502 3794 637 3890 vulgus
664 3808 704 3868 et
730 3807 914 3890 receptae
943 3794 1241 3870 Confessionum
1269 3796 1364 3868 For-

187 3930 314 4001 mulae
340 3928 625 4023 suppeditant.'’

237 4062 398 4158 Corrige
427 4084 570 4159 „quem
584 4118 604 4154 „
633 4062 700 4160 sc,I
714 4063 868 4157 pedem.

234 4329 306 4423 Ep.
338 4329 467 4400 LXIII.
497 4329 623 4422 Quam
650 4328 813 4401 difficilis
840 4341 880 4400 et
906 4332 1084 4403 intricata
1111 4333 1159 4402 sit
1186 4332 1363 4424 quaestio

186 4461 235 4533 de
271 4465 499 4535 recensione
536 4462 805 4557 epistularum,
842 4465 988 4557 optime
1023 4487 1072 4536 ex
1101 4464 1172 4535 hac
1201 4461 1365 4558 epistula
