3120 5070
751 471 793 541 31

293 675 391 753 „Mea
413 676 459 738 sic
482 680 532 741 est
555 676 640 738 ratio
663 676 766 738 etsie
790 675 939 737 animum
963 673 1086 736 induco
1110 692 1240 738 meum:

287 879 289 882 ι
314 790 405 853 Malo
430 799 565 853 coactus
591 791 648 872 qui
670 810 768 853 suum
791 790 935 853 officium
960 790 1054 867 facit,

315 906 406 968 Dum
430 905 464 968 id
487 907 643 969 rescitum
668 907 708 968 iri
729 906 850 981 credit,
875 906 1038 987 tantisper
1063 913 1182 988 pavet:

314 1019 349 1083 Si
369 1029 482 1102 sperat
504 1021 576 1084 sore
600 1020 703 1098 clam,
729 1040 863 1084 rursum
888 1021 930 1085 ad
954 1021 1125 1103 ingenium
1149 1020 1266 1085 redit.''

234 1177 386 1251 Deinde
414 1181 560 1274 pergit:

295 1348 374 1428 „Ille
397 1368 497 1430 quem
522 1348 684 1411 beneficio
708 1348 870 1430 adiungas
895 1369 938 1411 ex
962 1349 1075 1411 animo
1099 1348 1193 1426 facit,

315 1465 436 1529 Studet
459 1485 522 1546 par
545 1465 683 1542 referre,
708 1484 866 1546 praesens
890 1466 1078 1547 absensque
1101 1464 1189 1527 idem
1213 1463 1284 1527 erit.

317 1581 392 1644 Hoc
415 1581 611 1662 patriumst,
636 1581 749 1662 potius
774 1581 1009 1644 consuefacere
1033 1581 1137 1644 filium

315 1695 385 1760 Sua
406 1705 529 1778 sponte
553 1704 641 1759 recte
665 1696 773 1758 facere
796 1716 898 1778 quam
923 1695 1032 1759 alieno
1057 1705 1148 1759 metu
1162 1695 1191 1761 :”
1215 1705 1368 1778 etqseqq.

186 1854 351 1949 Relegat
373 1857 477 1951 quis,
501 1857 583 1947 aio,
606 1853 708 1926 hunc
731 1852 792 1926 vel
813 1852 948 1946 alium,
971 1875 1087 1948 quem
1102 1876 1218 1948 supra
1232 1855 1365 1946 citavi,

185 1987 315 2061 locum
341 1989 401 2060 vel
428 1991 585 2060 omnino
612 1989 787 2084 quamvis
813 1988 953 2060 comici
979 1983 1148 2057 fabulam
1175 1996 1216 2057 et
1242 1984 1366 2078 facile,

184 2120 279 2217 quid
303 2122 434 2214 velim,
453 2124 662 2217 percipiet:
686 2143 828 2215 nempe
843 2120 952 2192 locos
962 2118 1047 2191 illos
1060 2120 1140 2191 sive
1155 2122 1368 2213 praecepta

186 2255 346 2328 moralia
380 2257 601 2348 continent,
638 2257 718 2328 sive
751 2254 1057 2327 declamationes
1091 2253 1207 2324 animi
1239 2274 1368 2324 rerum

185 2387 438 2460 humanarum
489 2390 770 2483 expertissimi,
822 2389 1036 2484 sapientiae
1087 2385 1255 2482 denique
1307 2385 1369 2457 illa

187 2519 366 2614 frustula,
388 2545 489 2618 quae
510 2532 629 2617 poeta
650 2522 892 2594 sermonibus
907 2523 1156 2616 interposuit,
1181 2543 1369 2592 nonnum-

184 2676 301 2750 quam
321 2678 437 2750 quam
451 2657 629 2749 proxime
644 2653 836 2727 accedere
851 2654 901 2726 ad
916 2677 982 2747 ea,
1004 2677 1103 2749 quae
1118 2651 1369 2748 philosophus

186 2787 244 2887 de·
271 2800 409 2861 natura
436 2789 602 2861 humana
629 2801 668 2862 et
695 2791 772 2862 vita
797 2790 899 2862 bene
925 2787 1128 2883 dirigenda
1154 2787 1368 2860 tradiderit.

235 2920 373 3018 Neque
407 2920 575 3009 fortasse
614 2946 656 2995 re
682 2925 843 3017 propius
877 2922 1125 2995 considerata
1151 2933 1230 3014 est,
1263 2919 1369 3016 quod

141 3148 145 3157 Ι
189 3053 290 3126 adeo
311 3053 470 3130 mireris.
492 3057 551 3128 Ea
564 3058 666 3129 enim
681 3068 742 3129 est
756 3059 871 3128 animi
886 3055 1022 3127 lenitas
1037 3066 1078 3126 et
1091 3056 1368 3148 temperantia,

187 3210 264 3283 qua
297 3191 470 3264 comicus
502 3214 565 3263 res
591 3190 778 3263 humanas
805 3189 1091 3283 contemplatus
1118 3198 1196 3280 est,
1224 3198 1264 3259 et
1290 3187 1369 3281 pla-

189 3319 277 3393 cida
299 3326 598 3419 aequanimitas,
621 3347 697 3420 qua
718 3348 811 3396 usus
834 3333 895 3394 est
916 3324 955 3393 in
976 3320 1152 3393 humanis
1166 3318 1370 3392 affectibus

78 3556 83 3564 ῃ
187 3453 463 3550 depingendis;
491 3481 538 3529 ea
563 3480 681 3551 porro
709 3468 770 3530 est
796 3459 879 3528 eius
905 3479 986 3547 ars,
1009 3477 1129 3551 quae,
1152 3452 1243 3524 dum
1265 3455 1370 3524 varia

189 3587 385 3660 hominum
431 3592 604 3686 ingenia,
644 3590 790 3684 studia,
827 3591 1004 3663 actiones
1035 3589 1240 3682 variosque
1267 3588 1369 3657 vitae

187 3743 302 3794 casus
329 3721 520 3795 illustrare
545 3735 709 3797 conatur
737 3736 786 3797 et·
804 3722 1001 3817 „reddere
1024 3743 1216 3816 personae
1239 3718 1371 3792 studet

188 3857 460 3927 convenientia
498 3858 682 3953 cuique”,
723 3861 804 3931 sine
844 3860 900 3928 ira
938 3868 979 3930 et
1017 3853 1145 3929 studio
1184 3865 1225 3925 et
1263 3850 1372 3948 quasi

188 3987 385 4060 obiective
412 3988 617 4062 humanam
640 4003 817 4064 naturam
840 3993 1000 4086 eiusque
1023 3990 1124 4061 vires
1148 3998 1187 4059 et
1202 3985 1371 4058 imbecil-

189 4120 336 4193 litatem
371 4133 413 4194 et
438 4127 565 4197 varios
591 4123 776 4219 affectus,
804 4124 943 4221 quibus
969 4121 1253 4212 conflictamur,
1281 4143 1369 4213 pro-

188 4257 318 4348 ponit,
345 4267 388 4328 ut
409 4259 474 4328 vix
497 4257 714 4330 mirandum
738 4262 806 4351 sit,
830 4258 969 4330 comici
992 4254 1195 4350 profanam
1209 4264 1249 4325 et
1263 4255 1372 4349 quasi

187 4389 413 4482 empiricam
448 4390 678 4484 sapientiam
714 4395 832 4466 toties
864 4392 1075 4463 convenire
1107 4411 1194 4460 cum
1221 4386 1373 4480 placitis
