3120 5070
763 466 805 535 91

196 668 341 760 dicam,
377 679 509 738 tantae
545 688 700 761 quoque
734 666 973 740 extensionis
1007 665 1159 757 Mundi,
1194 669 1258 761 qui
1290 667 1373 738 aliis

142 772 146 780 Ι
194 802 389 874 attributis
422 810 622 890 constant,
651 800 812 871 essent”
842 811 1016 894 etqseqq.
1046 798 1109 890 (cs.
1138 801 1254 870 etiam
1282 799 1405 887 lem-¹

195 938 334 1028 mata),
361 932 499 1005 haeres
526 934 621 1023 iam,
645 934 793 1026 opinor,
816 943 933 1028 atque
956 934 1102 1024 nescis,
1126 931 1218 1028 quid
1240 934 1278 1003 in
1301 932 1372 1004 hac

195 1092 236 1140 re
263 1067 474 1162 Spinozae,
502 1065 595 1162 quid
621 1065 835 1138 editoribus
860 1065 1057 1138 veteribus
1084 1069 1261 1160 imputes.

244 1199 359 1295 Quod
386 1199 436 1271 ad
462 1198 649 1295 reliquam
672 1199 876 1293 epistulam
899 1201 1052 1291 attinet,
1077 1197 1267 1270 Versione
1289 1197 1371 1268 Bel-

192 1337 279 1428 gica
313 1357 401 1421 cum
433 1332 506 1404 Ed.
539 1331 599 1403 Pr.
637 1343 677 1405 et
703 1344 873 1428 autogr,
909 1343 952 1405 ut
979 1343 1039 1405 est
1065 1329 1170 1427 apud
1195 1331 1239 1405 L.
1268 1355 1372 1406 com-

194 1478 349 1561 parata,
385 1477 549 1560 apparet
584 1465 792 1559 Spinozam
826 1476 1048 1556 truncasse,
1089 1488 1188 1558 quae
1215 1464 1373 1537 lectoris

194 1599 244 1670 nil
279 1601 468 1671 interesse
504 1596 740 1690 viderentur,
775 1597 891 1695 idque
926 1620 1034 1669 more
1062 1620 1151 1689 su0‚
1188 1609 1230 1669 ut
1256 1621 1373 1692 supra

195 1732 544 1804 demonstravimus
571 1755 607 1825 p.
638 1733 702 1824 58;
730 1754 848 1826 porro
875 1754 963 1802 eum
999 1730 1059 1800 hic
1086 1729 1159 1800 illic
1183 1753 1264 1802 rem
1286 1730 1372 1802 bre-

193 1867 275 1938 vius
309 1877 349 1937 et
376 1867 610 1938 succinctius
638 1867 900 1959 expressisse,
928 1888 981 1936 sc.
1010 1886 1201 1975 eapquae
1228 1866 1373 1959 pariter

193 2009 233 2069 et
265 2001 304 2069 in
338 1997 405 2071 Vs.
440 1998 481 2068 B.
517 2008 557 2068 et
591 2000 629 2067 in
663 1996 735 2068 Ed.
761 1997 822 2067 Pr.
851 1995 1139 2068 desiderantur:
1167 1996 1372 2068 exordium

194 2130 383 2224 epistulae
423 2141 463 2201 et
501 2129 617 2201 finem
657 2141 697 2200 et
735 2152 860 2223 pauca
899 2132 1058 2200 minora.
1094 2129 1206 2200 Hanc
1241 2141 1372 2201 autem

193 2265 463 2336 recensionem
511 2264 630 2356 ipsius
670 2262 888 2357 philosophi
925 2286 995 2334 suo
1034 2262 1160 2334 Marte
1199 2274 1370 2336 mutasse

192 2396 309 2492 idque
336 2397 562 2493 plerumque
590 2398 627 2466 in
658 2399 769 2490 peius
788 2395 967 2468 videntur
989 2396 1089 2469 Edd.
1113 2407 1224 2489 vett.;
1256 2419 1308 2468 sc.
1332 2399 1370 2467 in

191 2532 252 2622 iis,
289 2533 327 2600 in
362 2530 499 2625 quibus
535 2530 646 2602 Vers.
681 2530 785 2626 Belg.
821 2530 870 2602 ab
904 2528 976 2600 Ed.
1011 2528 1072 2601 Pr.
1107 2529 1302 2622 dissentit,
1331 2542 1371 2602 at

191 2662 283 2735 facit
309 2688 396 2735 curn
423 2663 684 2759 autograph03
712 2688 773 2738 ex.
800 2687 855 2760 gr.
886 2663 1083 2757 „mundus
1109 2673 1298 2754 extensus,
1327 2673 1370 2734 ut

191 2798 248 2868 ita
273 2797 434 2888 dz'cam,”
461 2799 600 2895 quibus
623 2800 750 2872 verbis
772 2823 889 2894 aegre
913 2821 1109 2889 caremus,
1133 2797 1249 2870 verba
1274 2800 1369 2894 „qui

189 2943 370 3003 constant
412 2931 636 3003 attributis’'
676 2944 824 3004 mutata
864 2935 901 3003 in
941 2931 1103 3025 „affecti
1130 2931 1367 3024 attributis'’,

189 3082 289 3154 quae
329 3061 472 3132 locutio
512 3084 647 3155 parurn
682 3074 865 3134 accurata
899 3067 1054 3136 minime
1080 3064 1287 3158 Spinozam
1310 3088 1368 3136 re-

190 3191 312 3284 dolet;
348 3193 475 3264 locum
511 3216 622 3285 „non
656 3195 727 3267 nisi
754 3198 812 3267 sui
838 3197 971 3269 mundi
996 3198 1223 3268 attributum
1251 3208 1368 3294 atque

189 3327 467 3420 cogitationem
477 3326 497 3358 ’²
533 3325 786 3420 depravatum
822 3330 859 3399 in
887 3329 1090 3421 attributa,
1117 3331 1182 3423 qui
1207 3329 1368 3402 Pluralis

189 3462 422 3532 sententiam
449 3463 606 3533 omnino
633 3461 778 3554 turbat,
806 3461 879 3534 alia
906 3462 1073 3559 denique
1100 3463 1260 3534 minora.

237 3591 442 3665 Postremo
482 3594 695 3668 notandum
735 3607 814 3687 est,
855 3596 969 3691 plane
1002 3595 1142 3668 eodem
1176 3593 1293 3666 modo
1329 3596 1367 3664 in

189 3724 260 3818 Ep.
284 3724 420 3817 XLlll,
444 3730 552 3801 cuius
572 3730 842 3825 autographon
862 3743 1011 3822 exstat,
1035 3729 1265 3801 llersionem
1283 3726 1366 3798 Bel-

187 3860 313 3951 gicam
341 3883 428 3930 cum
455 3864 696 3957 autographo
723 3867 762 3935 in
787 3866 998 3938 minoribus
1025 3865 1267 3958 conspirare,
1291 3859 1366 3932 dis-

188 3994 382 4064 sentiente
404 3992 475 4064 Ed.
499 3993 559 4065 Pr.
576 3995 624 4090 (v.
645 4020 677 4066 c.
695 3997 965 4090 „muneribus,
989 4001 1073 4091 ipso
1089 3996 1217 4069 divino
1232 4017 1364 4066 amore

187 4125 301 4220 longe
337 4128 595 4220 suavioribus,
629 4152 651 4199 a
677 4128 763 4202 Deo
790 4132 941 4202 onerari
965 4129 1200 4224 exspectat”
1228 4139 1364 4200 contra

186 4259 257 4330 Ed.
284 4260 345 4330 Pr.
387 4261 642 4356 „l20norarz'”)
670 4265 722 4335 ita
748 4276 790 4335 ut
817 4266 933 4336 etiam
960 4262 1021 4334 hic
1047 4262 1147 4334 Edd.
1176 4273 1267 4333 vett.
1292 4259 1362 4332 lllls.

185 4393 449 4487 perpolientes
476 4394 776 4489 deprehendere
801 4395 1072 4480 tibividearis.
