<?xml version="1.0" encoding="UTF-8"?>
<!DOCTYPE html PUBLIC "-//W3C//DTD XHTML 1.0 Transitional//EN"
    "http://www.w3.org/TR/xhtml1/DTD/xhtml1-transitional.dtd">
<html xmlns="http://www.w3.org/1999/xhtml" xml:lang="en" lang="en">
 <head>
  <title>
</title>
<meta http-equiv="Content-Type" content="text/html;charset=utf-8" />
  <meta name='ocr-system' content='tesseract 3.04.00' />
  <meta name='ocr-capabilities' content='ocr_page ocr_carea ocr_par ocr_line ocrx_word'/>
</head>
<body>
  <div class='ocr_page' id='page_1' title='image "./adspinozaeopera00leopgoog_0023.png"; bbox 0 0 3120 5070; ppageno 0'>
   <div class='ocr_carea' id='block_1_1' title="bbox 849 479 868 531">
    <p class='ocr_par' dir='ltr' id='par_1_1' title="bbox 849 479 868 531">
     <span class='ocr_line' id='line_1_1' title="bbox 849 479 868 531; baseline 0 0"><span class='ocrx_word' id='word_1_1' title='bbox 849 479 868 531; x_wconf 88' lang='lat'><em>2</em></span> 
     </span>
    </p>
   </div>
   <div class='ocr_carea' id='block_1_2' title="bbox 266 679 1450 1710">
    <p class='ocr_par' dir='ltr' id='par_1_2' title="bbox 266 679 1450 1710">
     <span class='ocr_line' id='line_1_2' title="bbox 315 679 1446 777; baseline -0.004 -20"><span class='ocrx_word' id='word_1_2' title='bbox 315 685 366 757; x_wconf 88' lang='lat' dir='ltr'><strong>Et</strong></span> <span class='ocrx_word' id='word_1_3' title='bbox 402 708 494 758; x_wconf 94' lang='lat' dir='ltr'><strong>sane</strong></span> <span class='ocrx_word' id='word_1_4' title='bbox 528 682 631 756; x_wconf 92' lang='lat' dir='ltr'><strong>haud</strong></span> <span class='ocrx_word' id='word_1_5' title='bbox 657 706 782 777; x_wconf 92' lang='lat' dir='ltr'><strong>pauca</strong></span> <span class='ocrx_word' id='word_1_6' title='bbox 809 684 938 755; x_wconf 91' lang='lat' dir='ltr'><strong>insunt</strong></span> <span class='ocrx_word' id='word_1_7' title='bbox 965 684 1003 753; x_wconf 92' lang='lat' dir='ltr'><strong>in</strong></span> <span class='ocrx_word' id='word_1_8' title='bbox 1030 693 1138 753; x_wconf 86' lang='lat' dir='ltr'><strong>textu</strong></span> <span class='ocrx_word' id='word_1_9' title='bbox 1166 679 1268 775; x_wconf 87' lang='lat' dir='ltr'><strong>Opp.</strong></span> <span class='ocrx_word' id='word_1_10' title='bbox 1294 681 1446 774; x_wconf 87' lang='lat' dir='ltr'><strong>Posth.,</strong></span> 
     </span>
     <span class='ocr_line' id='line_1_3' title="bbox 268 813 1446 914; baseline -0.005 -23"><span class='ocrx_word' id='word_1_11' title='bbox 268 841 367 914; x_wconf 90' lang='lat' dir='ltr'><strong>quae</strong></span> <span class='ocrx_word' id='word_1_12' title='bbox 402 817 609 908; x_wconf 91' lang='lat' dir='ltr'><strong>lectorem,</strong></span> <span class='ocrx_word' id='word_1_13' title='bbox 645 818 718 889; x_wconf 90' lang='lat' dir='ltr'><strong>etsi</strong></span> <span class='ocrx_word' id='word_1_14' title='bbox 744 818 810 888; x_wconf 89' lang='lat' dir='ltr'><strong>vix</strong></span> <span class='ocrx_word' id='word_1_15' title='bbox 836 826 1046 907; x_wconf 87' lang='lat' dir='ltr'><strong>morantur,</strong></span> <span class='ocrx_word' id='word_1_16' title='bbox 1075 813 1278 887; x_wconf 87' lang='lat' dir='ltr'><strong>offendunt</strong></span> <span class='ocrx_word' id='word_1_17' title='bbox 1304 825 1446 886; x_wconf 86' lang='lat' dir='ltr'><strong>tamen.</strong></span> 
     </span>
     <span class='ocr_line' id='line_1_4' title="bbox 270 948 1446 1045; baseline 0.001 -22"><span class='ocrx_word' id='word_1_18' title='bbox 270 952 444 1045; x_wconf 81' lang='lat' dir='ltr'><strong>Quorum</strong></span> <span class='ocrx_word' id='word_1_19' title='bbox 484 952 695 1045; x_wconf 90' lang='lat' dir='ltr'><strong>praecipua</strong></span> <span class='ocrx_word' id='word_1_20' title='bbox 732 948 846 1021; x_wconf 91' lang='lat' dir='ltr'><strong>Land</strong></span> <span class='ocrx_word' id='word_1_21' title='bbox 885 948 944 1020; x_wconf 92' lang='lat' dir='ltr'><strong>l.l.</strong></span> <span class='ocrx_word' id='word_1_22' title='bbox 984 950 1225 1020; x_wconf 83' lang='lat' dir='ltr'><strong>enumeravit</strong></span> <span class='ocrx_word' id='word_1_23' title='bbox 1259 959 1300 1020; x_wconf 94' lang='lat' dir='ltr'><strong>et</strong></span> <span class='ocrx_word' id='word_1_24' title='bbox 1332 950 1446 1025; x_wconf 82' lang='lat' dir='ltr'><strong>inter:</strong></span> 
     </span>
     <span class='ocr_line' id='line_1_5' title="bbox 267 1080 1449 1179; baseline -0.003 -22"><span class='ocrx_word' id='word_1_25' title='bbox 267 1095 443 1179; x_wconf 92' lang='lat' dir='ltr'><strong>pretatus</strong></span> <span class='ocrx_word' id='word_1_26' title='bbox 481 1094 560 1177; x_wconf 81' lang='lat' dir='ltr'><strong>est3</strong></span> <span class='ocrx_word' id='word_1_27' title='bbox 601 1082 750 1156; x_wconf 87' lang='lat' dir='ltr'><strong>scilicet</strong></span> <span class='ocrx_word' id='word_1_28' title='bbox 784 1082 994 1155; x_wconf 80' lang='lat' dir='ltr'><strong>discrimen</strong></span> <span class='ocrx_word' id='word_1_29' title='bbox 1020 1082 1216 1154; x_wconf 93' lang='lat' dir='ltr'><strong>turbatum</strong></span> <span class='ocrx_word' id='word_1_30' title='bbox 1244 1084 1345 1154; x_wconf 87' lang='lat' dir='ltr'><strong>inter</strong></span> <span class='ocrx_word' id='word_1_31' title='bbox 1370 1080 1449 1153; x_wconf 84' lang='lat' dir='ltr'><strong>No·</strong></span> 
     </span>
     <span class='ocr_line' id='line_1_6' title="bbox 267 1214 1449 1310; baseline -0.003 -21"><span class='ocrx_word' id='word_1_32' title='bbox 267 1220 491 1290; x_wconf 90' lang='lat' dir='ltr'><strong>minativum</strong></span> <span class='ocrx_word' id='word_1_33' title='bbox 514 1227 555 1288; x_wconf 97' lang='lat' dir='ltr'><strong>et</strong></span> <span class='ocrx_word' id='word_1_34' title='bbox 575 1215 854 1288; x_wconf 86' lang='lat' dir='ltr'><strong>Accusativum</strong></span> <span class='ocrx_word' id='word_1_35' title='bbox 877 1239 966 1288; x_wconf 91' lang='lat' dir='ltr'><strong>cum</strong></span> <span class='ocrx_word' id='word_1_36' title='bbox 988 1215 1195 1308; x_wconf 70' lang='lat' dir='ltr'><strong>Infinitive,</strong></span> <span class='ocrx_word' id='word_1_37' title='bbox 1219 1214 1449 1310; x_wconf 91' lang='lat' dir='ltr'><strong>gerundium</strong></span> 
     </span>
     <span class='ocr_line' id='line_1_7' title="bbox 266 1348 1450 1445; baseline -0.002 -24"><span class='ocrx_word' id='word_1_38' title='bbox 266 1374 337 1445; x_wconf 92' lang='lat' dir='ltr'><strong>pro</strong></span> <span class='ocrx_word' id='word_1_39' title='bbox 371 1348 586 1445; x_wconf 84' lang='lat' dir='ltr'><strong>gerundivo</strong></span> <span class='ocrx_word' id='word_1_40' title='bbox 622 1360 869 1443; x_wconf 75' lang='lat' dir='ltr'><strong>usurpatum,</strong></span> <span class='ocrx_word' id='word_1_41' title='bbox 905 1348 1074 1444; x_wconf 91' lang='lat' dir='ltr'><strong>denique</strong></span> <span class='ocrx_word' id='word_1_42' title='bbox 1109 1351 1327 1421; x_wconf 91' lang='lat' dir='ltr'><strong>orationem</strong></span> <span class='ocrx_word' id='word_1_43' title='bbox 1354 1348 1450 1421; x_wconf 91' lang='lat' dir='ltr'><strong>indi-</strong></span> 
     </span>
     <span class='ocr_line' id='line_1_8' title="bbox 267 1480 1449 1577; baseline -0.003 -21"><span class='ocrx_word' id='word_1_44' title='bbox 267 1494 435 1575; x_wconf 87' lang='lat' dir='ltr'><strong>rectam,</strong></span> <span class='ocrx_word' id='word_1_45' title='bbox 476 1484 663 1576; x_wconf 90' lang='lat' dir='ltr'><strong>imprimis</strong></span> <span class='ocrx_word' id='word_1_46' title='bbox 701 1505 802 1576; x_wconf 91' lang='lat' dir='ltr'><strong>quae</strong></span> <span class='ocrx_word' id='word_1_47' title='bbox 837 1484 1114 1577; x_wconf 83' lang='lat' dir='ltr'><strong>interrogative</strong></span> <span class='ocrx_word' id='word_1_48' title='bbox 1151 1480 1321 1574; x_wconf 87' lang='lat' dir='ltr'><strong>effertur,</strong></span> <span class='ocrx_word' id='word_1_49' title='bbox 1349 1481 1449 1553; x_wconf 90' lang='lat' dir='ltr'><strong>male</strong></span> 
     </span>
     <span class='ocr_line' id='line_1_9' title="bbox 269 1613 966 1710; baseline 0.001 -24"><span class='ocrx_word' id='word_1_50' title='bbox 269 1614 439 1688; x_wconf 91' lang='lat' dir='ltr'><strong>habitam</strong></span> <span class='ocrx_word' id='word_1_51' title='bbox 466 1639 539 1687; x_wconf 93' lang='lat' dir='ltr'><strong>nec</strong></span> <span class='ocrx_word' id='word_1_52' title='bbox 566 1613 703 1686; x_wconf 86' lang='lat' dir='ltr'><strong>ordine</strong></span> <span class='ocrx_word' id='word_1_53' title='bbox 730 1615 966 1710; x_wconf 90' lang='lat' dir='ltr'><strong>explicitam.</strong></span> 
     </span>
    </p>
   </div>
   <div class='ocr_carea' id='block_1_3' title="bbox 269 1747 1452 2512">
    <p class='ocr_par' dir='ltr' id='par_1_3' title="bbox 269 1747 1452 2512">
     <span class='ocr_line' id='line_1_10' title="bbox 317 1747 1450 1846; baseline -0.001 -25"><span class='ocrx_word' id='word_1_54' title='bbox 317 1748 401 1821; x_wconf 93' lang='lat' dir='ltr'><strong>Nec</strong></span> <span class='ocrx_word' id='word_1_55' title='bbox 438 1773 517 1821; x_wconf 94' lang='lat' dir='ltr'><strong>non</strong></span> <span class='ocrx_word' id='word_1_56' title='bbox 547 1747 655 1821; x_wconf 91' lang='lat' dir='ltr'><strong>hisce</strong></span> <span class='ocrx_word' id='word_1_57' title='bbox 676 1748 750 1821; x_wconf 95' lang='lat' dir='ltr'><strong>alia</strong></span> <span class='ocrx_word' id='word_1_58' title='bbox 772 1748 863 1821; x_wconf 90' lang='lat' dir='ltr'><strong>addi</strong></span> <span class='ocrx_word' id='word_1_59' title='bbox 886 1760 1067 1844; x_wconf 89' lang='lat' dir='ltr'><strong>possunt,</strong></span> <span class='ocrx_word' id='word_1_60' title='bbox 1096 1749 1344 1846; x_wconf 89' lang='lat' dir='ltr'><strong>(quamquam</strong></span> <span class='ocrx_word' id='word_1_61' title='bbox 1369 1751 1450 1821; x_wconf 92' lang='lat' dir='ltr'><strong>iure</strong></span> 
     </span>
     <span class='ocr_line' id='line_1_11' title="bbox 270 1881 1452 1977; baseline -0.001 -22"><span class='ocrx_word' id='word_1_62' title='bbox 270 1884 494 1977; x_wconf 78' lang='lat' dir='ltr'><strong>suspiceriS‚</strong></span> <span class='ocrx_word' id='word_1_63' title='bbox 514 1881 745 1976; x_wconf 91' lang='lat' dir='ltr'><strong>gerundium</strong></span> <span class='ocrx_word' id='word_1_64' title='bbox 763 1906 834 1976; x_wconf 94' lang='lat' dir='ltr'><strong>pro</strong></span> <span class='ocrx_word' id='word_1_65' title='bbox 848 1882 1064 1977; x_wconf 88' lang='lat' dir='ltr'><strong>gerundivo</strong></span> <span class='ocrx_word' id='word_1_66' title='bbox 1079 1882 1342 1977; x_wconf 89' lang='lat' dir='ltr'><strong>compluribus</strong></span> <span class='ocrx_word' id='word_1_67' title='bbox 1355 1882 1452 1954; x_wconf 79' lang='lat' dir='ltr'><strong>locIs</strong></span> 
     </span>
     <span class='ocr_line' id='line_1_12' title="bbox 269 1998 1451 2110; baseline -0.002 -21"><span class='ocrx_word' id='word_1_68' title='bbox 269 2015 447 2089; x_wconf 88' lang='lat' dir='ltr'><strong>consulto</strong></span> <span class='ocrx_word' id='word_1_69' title='bbox 474 2015 523 2088; x_wconf 90' lang='lat' dir='ltr'><strong>ab</strong></span> <span class='ocrx_word' id='word_1_70' title='bbox 550 2025 729 2108; x_wconf 91' lang='lat' dir='ltr'><strong>auctore,</strong></span> <span class='ocrx_word' id='word_1_71' title='bbox 744 1998 850 2087; x_wconf 26' lang='lat' dir='ltr'><strong>&#39;dum</strong></span> <span class='ocrx_word' id='word_1_72' title='bbox 875 2018 1143 2110; x_wconf 88' lang='lat' dir='ltr'><strong>perspicuitati</strong></span> <span class='ocrx_word' id='word_1_73' title='bbox 1171 2016 1319 2108; x_wconf 86' lang='lat' dir='ltr'><strong>studet,</strong></span> <span class='ocrx_word' id='word_1_74' title='bbox 1346 2015 1451 2088; x_wconf 95' lang='lat' dir='ltr'><strong>adhi-</strong></span> 
     </span>
     <span class='ocr_line' id='line_1_13' title="bbox 269 2146 1450 2245; baseline 0 -24"><span class='ocrx_word' id='word_1_75' title='bbox 269 2148 391 2221; x_wconf 88' lang='lat' dir='ltr'><strong>bitum</strong></span> <span class='ocrx_word' id='word_1_76' title='bbox 414 2148 529 2245; x_wconf 82' lang='lat' dir='ltr'><strong>esse).</strong></span> <span class='ocrx_word' id='word_1_77' title='bbox 553 2146 618 2221; x_wconf 91' lang='lat' dir='ltr'><strong>Sic</strong></span> <span class='ocrx_word' id='word_1_78' title='bbox 643 2151 888 2242; x_wconf 88' lang='lat' dir='ltr'><strong>consecutio,</strong></span> <span class='ocrx_word' id='word_1_79' title='bbox 913 2173 1013 2244; x_wconf 92' lang='lat' dir='ltr'><strong>quae</strong></span> <span class='ocrx_word' id='word_1_80' title='bbox 1035 2161 1208 2243; x_wconf 91' lang='lat' dir='ltr'><strong>vocatur,</strong></span> <span class='ocrx_word' id='word_1_81' title='bbox 1231 2161 1450 2244; x_wconf 91' lang='lat' dir='ltr'><strong>temporum</strong></span> 
     </span>
     <span class='ocr_line' id='line_1_14' title="bbox 271 2280 1449 2378; baseline 0 -26"><span class='ocrx_word' id='word_1_82' title='bbox 271 2304 407 2375; x_wconf 93' lang='lat' dir='ltr'><strong>parum</strong></span> <span class='ocrx_word' id='word_1_83' title='bbox 434 2280 640 2377; x_wconf 89' lang='lat' dir='ltr'><strong>diligenter</strong></span> <span class='ocrx_word' id='word_1_84' title='bbox 665 2305 688 2353; x_wconf 94' lang='lat' dir='ltr'><strong>a</strong></span> <span class='ocrx_word' id='word_1_85' title='bbox 718 2293 854 2355; x_wconf 87' lang='lat' dir='ltr'><strong>nostro</strong></span> <span class='ocrx_word' id='word_1_86' title='bbox 881 2283 1121 2377; x_wconf 88' lang='lat' dir='ltr'><strong>observatur,</strong></span> <span class='ocrx_word' id='word_1_87' title='bbox 1148 2284 1196 2356; x_wconf 88' lang='lat' dir='ltr'><strong>cs.</strong></span> <span class='ocrx_word' id='word_1_88' title='bbox 1217 2307 1278 2356; x_wconf 73' lang='grc' dir='ltr'><strong>εκ.</strong></span> <span class='ocrx_word' id='word_1_89' title='bbox 1294 2306 1349 2378; x_wconf 90' lang='lat' dir='ltr'><strong>gr.</strong></span> <span class='ocrx_word' id='word_1_90' title='bbox 1363 2281 1449 2355; x_wconf 91' lang='lat' dir='ltr'><strong>Eth.</strong></span> 
     </span>
     <span class='ocr_line' id='line_1_15' title="bbox 269 2413 1452 2512; baseline 0.003 -27"><span class='ocrx_word' id='word_1_91' title='bbox 269 2413 331 2507; x_wconf 88' lang='lat' dir='ltr'><strong>lV,</strong></span> <span class='ocrx_word' id='word_1_92' title='bbox 367 2413 509 2508; x_wconf 71' lang='lat' dir='ltr'><strong>praei:</strong></span> <span class='ocrx_word' id='word_1_93' title='bbox 545 2438 701 2507; x_wconf 90' lang='lat' dir='ltr'><strong>,‚verum</strong></span> <span class='ocrx_word' id='word_1_94' title='bbox 729 2418 760 2488; x_wconf 92' lang='lat' dir='ltr'><strong>si</strong></span> <span class='ocrx_word' id='word_1_95' title='bbox 788 2417 873 2510; x_wconf 92' lang='lat' dir='ltr'><strong>quis</strong></span> <span class='ocrx_word' id='word_1_96' title='bbox 900 2439 998 2510; x_wconf 91' lang='lat' dir='ltr'><strong>opus</strong></span> <span class='ocrx_word' id='word_1_97' title='bbox 1025 2416 1182 2512; x_wconf 90' lang='lat' dir='ltr'><strong>aliquod</strong></span> <span class='ocrx_word' id='word_1_98' title='bbox 1208 2416 1316 2511; x_wconf 77' lang='lat' dir='ltr'><strong>videt,</strong></span> <span class='ocrx_word' id='word_1_99' title='bbox 1344 2419 1452 2490; x_wconf 91' lang='lat' dir='ltr'><strong>cuius</strong></span> 
     </span>
    </p>
   </div>
   <div class='ocr_carea' id='block_1_4' title="bbox 271 2547 1453 2779">
    <p class='ocr_par' dir='ltr' id='par_1_4' title="bbox 271 2547 1453 2779">
     <span class='ocr_line' id='line_1_16' title="bbox 271 2547 1452 2644; baseline 0.003 -26"><span class='ocrx_word' id='word_1_100' title='bbox 271 2547 394 2619; x_wconf 88' lang='lat' dir='ltr'><strong>simile</strong></span> <span class='ocrx_word' id='word_1_101' title='bbox 428 2571 625 2642; x_wconf 92' lang='lat' dir='ltr'><strong>nunquam</strong></span> <span class='ocrx_word' id='word_1_102' title='bbox 660 2547 821 2642; x_wconf 77' lang='lat' dir='ltr'><strong>viderat,</strong></span> <span class='ocrx_word' id='word_1_103' title='bbox 857 2572 930 2621; x_wconf 94' lang='lat' dir='ltr'><strong>nec</strong></span> <span class='ocrx_word' id='word_1_104' title='bbox 959 2560 1130 2622; x_wconf 86' lang='lat' dir='ltr'><strong>mentem</strong></span> <span class='ocrx_word' id='word_1_105' title='bbox 1158 2550 1308 2644; x_wconf 89' lang='lat' dir='ltr'><strong>opificis</strong></span> <span class='ocrx_word' id='word_1_106' title='bbox 1334 2550 1452 2641; x_wconf 80' lang='lat' dir='ltr'><strong>novit,</strong></span> 
     </span>
     <span class='ocr_line' id='line_1_17' title="bbox 271 2682 1453 2779; baseline 0.005 -29"><span class='ocrx_word' id='word_1_107' title='bbox 271 2683 302 2754; x_wconf 90' lang='lat' dir='ltr'><strong>is</strong></span> <span class='ocrx_word' id='word_1_108' title='bbox 324 2704 418 2753; x_wconf 89' lang='lat' dir='ltr'><strong>sane</strong></span> <span class='ocrx_word' id='word_1_109' title='bbox 442 2683 542 2754; x_wconf 92' lang='lat' dir='ltr'><strong>scire</strong></span> <span class='ocrx_word' id='word_1_110' title='bbox 565 2705 644 2753; x_wconf 93' lang='lat' dir='ltr'><strong>non</strong></span> <span class='ocrx_word' id='word_1_111' title='bbox 658 2683 840 2779; x_wconf 78' lang='lat' dir='ltr'><strong>poterz&#39;t&#39;’,</strong></span> <span class='ocrx_word' id='word_1_112' title='bbox 863 2694 1039 2779; x_wconf 90' lang='lat' dir='ltr'><strong>etqseqq.</strong></span> <span class='ocrx_word' id='word_1_113' title='bbox 1060 2686 1092 2779; x_wconf 85' lang='lat'><strong>1)</strong></span> <span class='ocrx_word' id='word_1_114' title='bbox 1112 2682 1218 2756; x_wconf 87' lang='lat' dir='ltr'><strong>Addi</strong></span> <span class='ocrx_word' id='word_1_115' title='bbox 1232 2707 1350 2778; x_wconf 89' lang='lat' dir='ltr'><strong>porro</strong></span> <span class='ocrx_word' id='word_1_116' title='bbox 1365 2707 1453 2777; x_wconf 90' lang='lat' dir='ltr'><strong>pos-</strong></span> 
     </span>
    </p>
   </div>
   <div class='ocr_carea' id='block_1_5' title="bbox 274 2905 483 2916">
    <p class='ocr_par' dir='ltr' id='par_1_5' title="bbox 274 2905 483 2916">
     <span class='ocr_line' id='line_1_18' title="bbox 274 2905 483 2916; baseline 0.01 -2"><span class='ocrx_word' id='word_1_117' title='bbox 274 2905 483 2916; x_wconf 48' lang='grc' dir='ltr'><strong>α*-</strong></span> 
     </span>
    </p>
   </div>
   <div class='ocr_carea' id='block_1_6' title="bbox 266 3038 1464 3227">
    <p class='ocr_par' dir='ltr' id='par_1_6' title="bbox 266 3038 1464 3227">
     <span class='ocr_line' id='line_1_19' title="bbox 267 3038 1464 3118; baseline 0.003 -23"><span class='ocrx_word' id='word_1_118' title='bbox 267 3038 368 3109; x_wconf 88' lang='lat' dir='ltr'><strong>komt,</strong></span> <span class='ocrx_word' id='word_1_119' title='bbox 399 3038 460 3095; x_wconf 88' lang='lat' dir='ltr'><strong>kan</strong></span> <span class='ocrx_word' id='word_1_120' title='bbox 487 3056 548 3114; x_wconf 91' lang='lat' dir='ltr'><strong>nog</strong></span> <span class='ocrx_word' id='word_1_121' title='bbox 576 3056 636 3096; x_wconf 87' lang='lat' dir='ltr'><strong>van</strong></span> <span class='ocrx_word' id='word_1_122' title='bbox 665 3038 766 3098; x_wconf 89' lang='lat' dir='ltr'><strong>dienst</strong></span> <span class='ocrx_word' id='word_1_123' title='bbox 792 3038 853 3116; x_wconf 88' lang='lat' dir='ltr'><strong>zijn</strong></span> <span class='ocrx_word' id='word_1_124' title='bbox 881 3059 932 3100; x_wconf 91' lang='lat' dir='ltr'><strong>om</strong></span> <span class='ocrx_word' id='word_1_125' title='bbox 961 3059 1021 3101; x_wconf 90' lang='lat' dir='ltr'><strong>van</strong></span> <span class='ocrx_word' id='word_1_126' title='bbox 1042 3040 1197 3118; x_wconf 87' lang='lat' dir='ltr'><strong>Spinoza&#39;s</strong></span> <span class='ocrx_word' id='word_1_127' title='bbox 1218 3041 1409 3114; x_wconf 79' lang='lat' dir='ltr'><strong>laalgebruik</strong></span> <span class='ocrx_word' id='word_1_128' title='bbox 1430 3040 1464 3099; x_wconf 85' lang='lat' dir='ltr'><strong>of</strong></span> 
     </span>
     <span class='ocr_line' id='line_1_20' title="bbox 266 3134 1190 3227; baseline 0.009 -35"><span class='ocrx_word' id='word_1_129' title='bbox 266 3135 326 3193; x_wconf 90' lang='lat' dir='ltr'><strong>den</strong></span> <span class='ocrx_word' id='word_1_130' title='bbox 346 3135 441 3210; x_wconf 89' lang='lat' dir='ltr'><strong>graad</strong></span> <span class='ocrx_word' id='word_1_131' title='bbox 463 3134 557 3210; x_wconf 88' lang='lat' dir='ltr'><strong>zijner</strong></span> <span class='ocrx_word' id='word_1_132' title='bbox 577 3137 813 3225; x_wconf 83' lang='lat' dir='ltr'><strong>grammatische</strong></span> <span class='ocrx_word' id='word_1_133' title='bbox 834 3138 944 3199; x_wconf 89' lang='lat' dir='ltr'><strong>kennis</strong></span> <span class='ocrx_word' id='word_1_134' title='bbox 965 3148 996 3199; x_wconf 89' lang='lat' dir='ltr'><strong>te</strong></span> <span class='ocrx_word' id='word_1_135' title='bbox 1016 3139 1190 3227; x_wconf 86' lang='lat' dir='ltr'><strong>getuigen.&#39;&#39;</strong></span> 
     </span>
    </p>
   </div>
   <div class='ocr_carea' id='block_1_7' title="bbox 268 3228 1460 3408">
    <p class='ocr_par' dir='ltr' id='par_1_7' title="bbox 268 3228 1460 3408">
     <span class='ocr_line' id='line_1_21' title="bbox 307 3228 1460 3314; baseline 0.003 -25"><span class='ocrx_word' id='word_1_136' title='bbox 307 3250 336 3307; x_wconf 94' lang='lat' dir='ltr'><strong>p.</strong></span> <span class='ocrx_word' id='word_1_137' title='bbox 362 3251 407 3304; x_wconf 87' lang='lat'><strong>14.</strong></span> <span class='ocrx_word' id='word_1_138' title='bbox 436 3235 529 3306; x_wconf 88' lang='lat' dir='ltr'><strong>,‚Een</strong></span> <span class='ocrx_word' id='word_1_139' title='bbox 558 3228 654 3293; x_wconf 82' lang='lat' dir='ltr'><strong>ander</strong></span> <span class='ocrx_word' id='word_1_140' title='bbox 680 3244 773 3312; x_wconf 86' lang='lat' dir='ltr'><strong>punt,</strong></span> <span class='ocrx_word' id='word_1_141' title='bbox 802 3256 922 3314; x_wconf 87' lang='lat' dir='ltr'><strong>waarop</strong></span> <span class='ocrx_word' id='word_1_142' title='bbox 951 3237 989 3296; x_wconf 92' lang='lat' dir='ltr'><strong>de</strong></span> <span class='ocrx_word' id='word_1_143' title='bbox 1016 3236 1076 3314; x_wconf 90' lang='lat' dir='ltr'><strong>stijl</strong></span> <span class='ocrx_word' id='word_1_144' title='bbox 1104 3256 1164 3298; x_wconf 87' lang='lat' dir='ltr'><strong>van</strong></span> <span class='ocrx_word' id='word_1_145' title='bbox 1191 3235 1323 3314; x_wconf 88' lang='lat' dir='ltr'><strong>Spinoza</strong></span> <span class='ocrx_word' id='word_1_146' title='bbox 1342 3237 1460 3295; x_wconf 88' lang='lat' dir='ltr'><strong>telkens</strong></span> 
     </span>
     <span class='ocr_line' id='line_1_22' title="bbox 268 3328 846 3408; baseline 0.007 -21"><span class='ocrx_word' id='word_1_147' title='bbox 268 3328 410 3405; x_wconf 87' lang='lat' dir='ltr'><strong>zondigt‚</strong></span> <span class='ocrx_word' id='word_1_148' title='bbox 431 3329 456 3388; x_wconf 89' lang='lat' dir='ltr'><strong>is</strong></span> <span class='ocrx_word' id='word_1_149' title='bbox 478 3330 516 3388; x_wconf 92' lang='lat' dir='ltr'><strong>de</strong></span> <span class='ocrx_word' id='word_1_150' title='bbox 538 3331 746 3408; x_wconf 88' lang='lat' dir='ltr'><strong>afhankelijke</strong></span> <span class='ocrx_word' id='word_1_151' title='bbox 767 3331 846 3391; x_wconf 85' lang='lat' dir='ltr'><strong>zin.&#39;’</strong></span> 
     </span>
    </p>
   </div>
   <div class='ocr_carea' id='block_1_8' title="bbox 266 3426 1459 3695">
    <p class='ocr_par' dir='ltr' id='par_1_8' title="bbox 266 3426 1459 3695">
     <span class='ocr_line' id='line_1_23' title="bbox 307 3426 1458 3506; baseline -0.003 -20"><span class='ocrx_word' id='word_1_152' title='bbox 307 3427 353 3487; x_wconf 86' lang='lat' dir='ltr'><strong>Cf.</strong></span> <span class='ocrx_word' id='word_1_153' title='bbox 376 3426 468 3486; x_wconf 87' lang='lat' dir='ltr'><strong>etiarn</strong></span> <span class='ocrx_word' id='word_1_154' title='bbox 486 3427 635 3504; x_wconf 89' lang='lat' dir='ltr'><strong>Spinozae</strong></span> <span class='ocrx_word' id='word_1_155' title='bbox 654 3429 755 3506; x_wconf 88' lang='lat' dir='ltr'><strong>Opera</strong></span> <span class='ocrx_word' id='word_1_156' title='bbox 773 3429 842 3490; x_wconf 91' lang='lat' dir='ltr'><strong>edd.</strong></span> <span class='ocrx_word' id='word_1_157' title='bbox 861 3449 890 3488; x_wconf 91' lang='lat' dir='ltr'><strong>v.</strong></span> <span class='ocrx_word' id='word_1_158' title='bbox 909 3431 1023 3488; x_wconf 91' lang='lat' dir='ltr'><strong>Vloten</strong></span> <span class='ocrx_word' id='word_1_159' title='bbox 1041 3438 1072 3489; x_wconf 89' lang='lat' dir='ltr'><strong>et</strong></span> <span class='ocrx_word' id='word_1_160' title='bbox 1089 3429 1191 3503; x_wconf 86' lang='lat' dir='ltr'><strong>Land,</strong></span> <span class='ocrx_word' id='word_1_161' title='bbox 1210 3428 1266 3488; x_wconf 86' lang='lat' dir='ltr'><strong>Ed.</strong></span> <span class='ocrx_word' id='word_1_162' title='bbox 1284 3429 1323 3500; x_wconf 91' lang='lat' dir='ltr'><strong>H,</strong></span> <span class='ocrx_word' id='word_1_163' title='bbox 1338 3435 1413 3486; x_wconf 89' lang='lat' dir='ltr'><strong>tom.</strong></span> <span class='ocrx_word' id='word_1_164' title='bbox 1432 3447 1458 3498; x_wconf 88' lang='lat' dir='ltr'><strong>r,</strong></span> 
     </span>
     <span class='ocr_line' id='line_1_24' title="bbox 266 3521 1459 3602; baseline -0.001 -21"><span class='ocrx_word' id='word_1_165' title='bbox 266 3543 295 3599; x_wconf 90' lang='lat' dir='ltr'><strong>p.</strong></span> <span class='ocrx_word' id='word_1_166' title='bbox 327 3525 389 3582; x_wconf 90' lang='lat' dir='ltr'><strong>XI:</strong></span> <span class='ocrx_word' id='word_1_167' title='bbox 421 3569 440 3598; x_wconf 91' lang='lat'><strong>„</strong></span> <span class='ocrx_word' id='word_1_168' title='bbox 450 3525 618 3602; x_wconf 90' lang='lat' dir='ltr'><strong>(scriptor),</strong></span> <span class='ocrx_word' id='word_1_169' title='bbox 652 3526 701 3586; x_wconf 89' lang='lat' dir='ltr'><strong>cui</strong></span> <span class='ocrx_word' id='word_1_170' title='bbox 731 3528 772 3587; x_wconf 87' lang='lat' dir='ltr'><strong>ad</strong></span> <span class='ocrx_word' id='word_1_171' title='bbox 802 3535 885 3587; x_wconf 87' lang='lat' dir='ltr'><strong>recte</strong></span> <span class='ocrx_word' id='word_1_172' title='bbox 913 3524 1110 3586; x_wconf 88' lang='lat' dir='ltr'><strong>scribendum</strong></span> <span class='ocrx_word' id='word_1_173' title='bbox 1142 3525 1225 3586; x_wconf 88' lang='lat' dir='ltr'><strong>haud</strong></span> <span class='ocrx_word' id='word_1_174' title='bbox 1252 3542 1325 3584; x_wconf 88' lang='lat' dir='ltr'><strong>sane</strong></span> <span class='ocrx_word' id='word_1_175' title='bbox 1344 3521 1459 3599; x_wconf 90' lang='lat' dir='ltr'><strong>ingenii</strong></span> 
     </span>
     <span class='ocr_line' id='line_1_25' title="bbox 266 3621 1234 3695; baseline 0.001 -16"><span class='ocrx_word' id='word_1_176' title='bbox 266 3621 409 3695; x_wconf 83' lang='lat' dir='ltr'><strong>facultas,</strong></span> <span class='ocrx_word' id='word_1_177' title='bbox 431 3623 484 3682; x_wconf 93' lang='lat' dir='ltr'><strong>sed</strong></span> <span class='ocrx_word' id='word_1_178' title='bbox 504 3622 654 3683; x_wconf 91' lang='lat' dir='ltr'><strong>institutio</strong></span> <span class='ocrx_word' id='word_1_179' title='bbox 675 3623 857 3684; x_wconf 85' lang='lat' dir='ltr'><strong>scholastica</strong></span> <span class='ocrx_word' id='word_1_180' title='bbox 877 3621 1056 3683; x_wconf 87' lang='lat' dir='ltr'><strong>continuata</strong></span> <span class='ocrx_word' id='word_1_181' title='bbox 1076 3621 1234 3683; x_wconf 86' lang='lat' dir='ltr'><strong>defuerit.&#39;&#39;</strong></span> 
     </span>
    </p>
   </div>
   <div class='ocr_carea' id='block_1_9' title="bbox 266 3736 1466 4500">
    <p class='ocr_par' dir='ltr' id='par_1_9' title="bbox 266 3736 1466 4500">
     <span class='ocr_line' id='line_1_26' title="bbox 309 3736 1461 3815; baseline -0.002 -20"><span class='ocrx_word' id='word_1_182' title='bbox 309 3736 338 3815; x_wconf 87' lang='lat'><strong>1)</strong></span> <span class='ocrx_word' id='word_1_183' title='bbox 361 3738 453 3811; x_wconf 92' lang='lat' dir='ltr'><strong>Quod</strong></span> <span class='ocrx_word' id='word_1_184' title='bbox 474 3737 716 3814; x_wconf 84' lang='lat' dir='ltr'><strong>frequentissime</strong></span> <span class='ocrx_word' id='word_1_185' title='bbox 737 3740 852 3800; x_wconf 87' lang='lat' dir='ltr'><strong>factum</strong></span> <span class='ocrx_word' id='word_1_186' title='bbox 875 3748 919 3798; x_wconf 91' lang='lat' dir='ltr'><strong>est</strong></span> <span class='ocrx_word' id='word_1_187' title='bbox 939 3737 970 3797; x_wconf 92' lang='lat' dir='ltr'><strong>in</strong></span> <span class='ocrx_word' id='word_1_188' title='bbox 987 3738 1082 3798; x_wconf 89' lang='lat' dir='ltr'><strong>verbo</strong></span> <span class='ocrx_word' id='word_1_189' title='bbox 1085 3747 1189 3813; x_wconf 84' lang='lat' dir='ltr'><strong>posse,</strong></span> <span class='ocrx_word' id='word_1_190' title='bbox 1207 3737 1250 3797; x_wconf 89' lang='lat' dir='ltr'><strong>ita</strong></span> <span class='ocrx_word' id='word_1_191' title='bbox 1261 3747 1293 3795; x_wconf 91' lang='lat' dir='ltr'><strong>ut</strong></span> <span class='ocrx_word' id='word_1_192' title='bbox 1305 3737 1390 3795; x_wconf 90' lang='lat' dir='ltr'><strong>nulla</strong></span> <span class='ocrx_word' id='word_1_193' title='bbox 1399 3736 1461 3794; x_wconf 86' lang='lat' dir='ltr'><strong>fere</strong></span> 
     </span>
     <span class='ocr_line' id='line_1_27' title="bbox 267 3835 1460 3912; baseline -0.001 -20"><span class='ocrx_word' id='word_1_194' title='bbox 267 3853 327 3893; x_wconf 85' lang='lat' dir='ltr'><strong>vox</strong></span> <span class='ocrx_word' id='word_1_195' title='bbox 358 3836 477 3912; x_wconf 87' lang='lat' dir='ltr'><strong>saepius</strong></span> <span class='ocrx_word' id='word_1_196' title='bbox 507 3838 548 3895; x_wconf 89' lang='lat' dir='ltr'><strong>ab</strong></span> <span class='ocrx_word' id='word_1_197' title='bbox 578 3836 745 3896; x_wconf 90' lang='lat' dir='ltr'><strong>editoribus</strong></span> <span class='ocrx_word' id='word_1_198' title='bbox 776 3837 938 3896; x_wconf 87' lang='lat' dir='ltr'><strong>emendata</strong></span> <span class='ocrx_word' id='word_1_199' title='bbox 969 3835 1007 3894; x_wconf 91' lang='lat' dir='ltr'><strong>sit</strong></span> <span class='ocrx_word' id='word_1_200' title='bbox 1014 3856 1023 3910; x_wconf 86' lang='lat'>3</span> <span class='ocrx_word' id='word_1_201' title='bbox 1052 3837 1090 3894; x_wconf 85' lang='lat' dir='ltr'><strong>cf.</strong></span> <span class='ocrx_word' id='word_1_202' title='bbox 1118 3855 1165 3896; x_wconf 81' lang='lat' dir='ltr'><strong>ex.</strong></span> <span class='ocrx_word' id='word_1_203' title='bbox 1186 3855 1230 3912; x_wconf 91' lang='lat' dir='ltr'><strong>gr.</strong></span> <span class='ocrx_word' id='word_1_204' title='bbox 1252 3837 1321 3894; x_wconf 91' lang='lat' dir='ltr'><strong>Eth.</strong></span> <span class='ocrx_word' id='word_1_205' title='bbox 1343 3836 1389 3907; x_wconf 94' lang='lat' dir='ltr'><strong>II,</strong></span> <span class='ocrx_word' id='word_1_206' title='bbox 1416 3851 1460 3908; x_wconf 84' lang='lat'><strong>17,</strong></span> 
     </span>
     <span class='ocr_line' id='line_1_28' title="bbox 267 3930 1463 4008; baseline -0.002 -18"><span class='ocrx_word' id='word_1_207' title='bbox 267 3934 361 3994; x_wconf 90' lang='lat' dir='ltr'><strong>schol.</strong></span> <span class='ocrx_word' id='word_1_208' title='bbox 368 3954 377 4007; x_wconf 78' lang='lat'><em>3</em></span> <span class='ocrx_word' id='word_1_209' title='bbox 399 3936 455 4007; x_wconf 88' lang='lat' dir='ltr'><strong>IV,</strong></span> <span class='ocrx_word' id='word_1_210' title='bbox 476 3953 512 4007; x_wconf 92' lang='lat'><strong>4,</strong></span> <span class='ocrx_word' id='word_1_211' title='bbox 531 3934 610 3993; x_wconf 90' lang='lat' dir='ltr'><strong>dem.</strong></span> <span class='ocrx_word' id='word_1_212' title='bbox 620 3955 629 4008; x_wconf 77' lang='lat'><em>3</em></span> <span class='ocrx_word' id='word_1_213' title='bbox 646 3933 685 3993; x_wconf 89' lang='lat' dir='ltr'><strong>de</strong></span> <span class='ocrx_word' id='word_1_214' title='bbox 701 3933 757 3993; x_wconf 86' lang='lat' dir='ltr'><strong>int.</strong></span> <span class='ocrx_word' id='word_1_215' title='bbox 775 3953 833 3994; x_wconf 89' lang='lat' dir='ltr'><strong>em.</strong></span> <span class='ocrx_word' id='word_1_216' title='bbox 854 3951 881 4008; x_wconf 85' lang='lat'><strong>73</strong></span> <span class='ocrx_word' id='word_1_217' title='bbox 899 3936 1004 3992; x_wconf 87' lang='lat' dir='ltr'><strong>Tract.</strong></span> <span class='ocrx_word' id='word_1_218' title='bbox 1020 3935 1086 3992; x_wconf 86' lang='lat' dir='ltr'><strong>Pol.</strong></span> <span class='ocrx_word' id='word_1_219' title='bbox 1104 3936 1197 4008; x_wconf 91' lang='lat' dir='ltr'><strong>VIII,</strong></span> <span class='ocrx_word' id='word_1_220' title='bbox 1218 3954 1264 3993; x_wconf 85' lang='lat'><strong>21.</strong></span> <span class='ocrx_word' id='word_1_221' title='bbox 1285 3930 1463 4007; x_wconf 90' lang='lat' dir='ltr'><strong>Comparari</strong></span> 
     </span>
     <span class='ocr_line' id='line_1_29' title="bbox 266 4031 1463 4108; baseline -0.003 -18"><span class='ocrx_word' id='word_1_222' title='bbox 266 4049 356 4107; x_wconf 94' lang='lat' dir='ltr'><strong>porro</strong></span> <span class='ocrx_word' id='word_1_223' title='bbox 377 4040 505 4108; x_wconf 90' lang='lat' dir='ltr'><strong>possunt</strong></span> <span class='ocrx_word' id='word_1_224' title='bbox 526 4031 602 4106; x_wconf 86' lang='lat' dir='ltr'><strong>loci,</strong></span> <span class='ocrx_word' id='word_1_225' title='bbox 624 4035 730 4108; x_wconf 89' lang='lat' dir='ltr'><strong>quales</strong></span> <span class='ocrx_word' id='word_1_226' title='bbox 750 4041 820 4092; x_wconf 90' lang='lat' dir='ltr'><strong>sunt</strong></span> <span class='ocrx_word' id='word_1_227' title='bbox 841 4034 945 4091; x_wconf 87' lang='lat' dir='ltr'><strong>Tract.</strong></span> <span class='ocrx_word' id='word_1_228' title='bbox 966 4033 1112 4106; x_wconf 83' lang='lat' dir='ltr'><strong>P01.V1‚</strong></span> <span class='ocrx_word' id='word_1_229' title='bbox 1134 4035 1186 4092; x_wconf 89' lang='lat'><strong>16:</strong></span> <span class='ocrx_word' id='word_1_230' title='bbox 1205 4031 1463 4107; x_wconf 86' lang='lat' dir='ltr'><strong>‚‚quodnecessa-</strong></span> 
     </span>
     <span class='ocr_line' id='line_1_30' title="bbox 268 4126 1461 4204; baseline -0.002 -18"><span class='ocrx_word' id='word_1_231' title='bbox 268 4128 312 4187; x_wconf 90' lang='lat' dir='ltr'><strong>rio</strong></span> <span class='ocrx_word' id='word_1_232' title='bbox 334 4131 403 4202; x_wconf 78' lang='lat' dir='ltr'><strong>fiet,</strong></span> <span class='ocrx_word' id='word_1_233' title='bbox 422 4129 447 4187; x_wconf 90' lang='lat' dir='ltr'><strong>si</strong></span> <span class='ocrx_word' id='word_1_234' title='bbox 465 4148 572 4188; x_wconf 90' lang='lat' dir='ltr'><strong>omnes</strong></span> <span class='ocrx_word' id='word_1_235' title='bbox 590 4131 767 4190; x_wconf 88' lang='lat' dir='ltr'><strong>recederent</strong></span> <span class='ocrx_word' id='word_1_236' title='bbox 776 4131 793 4157; x_wconf 90' lang='lat'><strong>&#39;&#39;</strong></span> <span class='ocrx_word' id='word_1_237' title='bbox 811 4128 864 4189; x_wconf 90' lang='lat' dir='ltr'><strong>ubi</strong></span> <span class='ocrx_word' id='word_1_238' title='bbox 881 4131 916 4187; x_wconf 93' lang='lat' dir='ltr'><strong>L.</strong></span> <span class='ocrx_word' id='word_1_239' title='bbox 935 4129 1066 4188; x_wconf 86' lang='lat' dir='ltr'><strong>correxit</strong></span> <span class='ocrx_word' id='word_1_240' title='bbox 1083 4131 1185 4204; x_wconf 73' lang='lat' dir='ltr'><strong>fieret,</strong></span> <span class='ocrx_word' id='word_1_241' title='bbox 1204 4130 1246 4189; x_wconf 91' lang='lat' dir='ltr'><strong>cf.</strong></span> <span class='ocrx_word' id='word_1_242' title='bbox 1258 4131 1312 4190; x_wconf 87' lang='lat' dir='ltr'><strong>Vs.</strong></span> <span class='ocrx_word' id='word_1_243' title='bbox 1324 4126 1461 4203; x_wconf 85' lang='lat' dir='ltr'><strong>Belgica:</strong></span> 
     </span>
     <span class='ocr_line' id='line_1_31' title="bbox 267 4225 1464 4303; baseline -0.002 -18"><span class='ocrx_word' id='word_1_244' title='bbox 267 4227 311 4298; x_wconf 92' lang='lat' dir='ltr'><strong>‚‚’t</strong></span> <span class='ocrx_word' id='word_1_245' title='bbox 329 4228 406 4285; x_wconf 88' lang='lat' dir='ltr'><strong>welk</strong></span> <span class='ocrx_word' id='word_1_246' title='bbox 437 4227 652 4303; x_wconf 87' lang='lat' dir='ltr'><strong>noodzakelijk</strong></span> <span class='ocrx_word' id='word_1_247' title='bbox 682 4246 737 4288; x_wconf 78' lang='lat' dir='ltr'><strong>zon</strong></span> <span class='ocrx_word' id='word_1_248' title='bbox 768 4237 879 4287; x_wconf 77' lang='lat' dir='ltr'><strong>merten</strong></span> <span class='ocrx_word' id='word_1_249' title='bbox 901 4229 1089 4302; x_wconf 75' lang='lat' dir='ltr'><strong>geschieden,</strong></span> <span class='ocrx_word' id='word_1_250' title='bbox 1118 4229 1201 4288; x_wconf 89' lang='lat' dir='ltr'><strong>zoo&#39;&#39;</strong></span> <span class='ocrx_word' id='word_1_251' title='bbox 1223 4247 1288 4286; x_wconf 86' lang='lat' dir='ltr'><strong>enz.</strong></span> <span class='ocrx_word' id='word_1_252' title='bbox 1310 4236 1340 4285; x_wconf 90' lang='lat' dir='ltr'><strong>et</strong></span> <span class='ocrx_word' id='word_1_253' title='bbox 1361 4225 1464 4301; x_wconf 88' lang='lat' dir='ltr'><strong>paullo</strong></span> 
     </span>
     <span class='ocr_line' id='line_1_32' title="bbox 267 4324 1464 4402; baseline -0.002 -21"><span class='ocrx_word' id='word_1_254' title='bbox 267 4324 350 4382; x_wconf 88' lang='lat' dir='ltr'><strong>infra</strong></span> <span class='ocrx_word' id='word_1_255' title='bbox 370 4326 472 4385; x_wconf 92' lang='lat' dir='ltr'><strong>Tract.</strong></span> <span class='ocrx_word' id='word_1_256' title='bbox 496 4327 561 4383; x_wconf 93' lang='lat' dir='ltr'><strong>Pol.</strong></span> <span class='ocrx_word' id='word_1_257' title='bbox 585 4327 660 4399; x_wconf 88' lang='lat' dir='ltr'><strong>VII,</strong></span> <span class='ocrx_word' id='word_1_258' title='bbox 687 4345 738 4401; x_wconf 85' lang='lat'><strong>13:</strong></span> <span class='ocrx_word' id='word_1_259' title='bbox 762 4325 814 4400; x_wconf 92' lang='lat' dir='ltr'><strong>„si</strong></span> <span class='ocrx_word' id='word_1_260' title='bbox 833 4326 874 4385; x_wconf 87' lang='lat' dir='ltr'><strong>ad</strong></span> <span class='ocrx_word' id='word_1_261' title='bbox 895 4326 990 4384; x_wconf 90' lang='lat' dir='ltr'><strong>vitam</strong></span> <span class='ocrx_word' id='word_1_262' title='bbox 1011 4325 1194 4402; x_wconf 87' lang='lat' dir='ltr'><strong>eligerentur</strong></span> <span class='ocrx_word' id='word_1_263' title='bbox 1206 4368 1313 4385; x_wconf 85' lang='grc'><strong>......</strong></span> <span class='ocrx_word' id='word_1_264' title='bbox 1333 4332 1464 4398; x_wconf 88' lang='lat' dir='ltr'><strong>praeter·</strong></span> 
     </span>
     <span class='ocr_line' id='line_1_33' title="bbox 268 4419 1466 4500; baseline -0.003 -19"><span class='ocrx_word' id='word_1_265' title='bbox 268 4441 359 4497; x_wconf 89' lang='lat' dir='ltr'><strong>quam</strong></span> <span class='ocrx_word' id='word_1_266' title='bbox 391 4424 476 4499; x_wconf 91' lang='lat' dir='ltr'><strong>quod</strong></span> <span class='ocrx_word' id='word_1_267' title='bbox 506 4423 640 4484; x_wconf 86' lang='lat' dir='ltr'><strong>maxima</strong></span> <span class='ocrx_word' id='word_1_268' title='bbox 672 4424 786 4483; x_wconf 89' lang='lat' dir='ltr'><strong>civium</strong></span> <span class='ocrx_word' id='word_1_269' title='bbox 817 4443 885 4500; x_wconf 88' lang='lat' dir='ltr'><strong>pars</strong></span> <span class='ocrx_word' id='word_1_270' title='bbox 918 4423 971 4482; x_wconf 85' lang='lat' dir='ltr'><strong>vix</strong></span> <span class='ocrx_word' id='word_1_271' title='bbox 1002 4426 1095 4483; x_wconf 87' lang='lat' dir='ltr'><strong>ullam</strong></span> <span class='ocrx_word' id='word_1_272' title='bbox 1124 4444 1209 4500; x_wconf 90' lang='lat' dir='ltr'><strong>spem</strong></span> <span class='ocrx_word' id='word_1_273' title='bbox 1233 4432 1336 4497; x_wconf 88' lang='lat' dir='ltr'><strong>posset</strong></span> <span class='ocrx_word' id='word_1_274' title='bbox 1364 4419 1466 4479; x_wconf 89' lang='lat' dir='ltr'><strong>conci-</strong></span> 
     </span>
    </p>
   </div>
   <div class='ocr_carea' id='block_1_10' title="bbox 0 0 1574 5070">
    <p class='ocr_par' dir='ltr' id='par_1_10' title="bbox 0 0 1574 5070">
     <span class='ocr_line' id='line_1_34' title="bbox 0 0 1574 5070; baseline 0 0"><span class='ocrx_word' id='word_1_275' title='bbox 0 0 1574 5070; x_wconf 95' lang='lat' dir='ltr'><strong> </strong></span> 
     </span>
    </p>
   </div>
  </div>
 </body>
</html>
