<?xml version="1.0" encoding="UTF-8"?>
<!DOCTYPE html PUBLIC "-//W3C//DTD XHTML 1.0 Transitional//EN"
    "http://www.w3.org/TR/xhtml1/DTD/xhtml1-transitional.dtd">
<html xmlns="http://www.w3.org/1999/xhtml" xml:lang="en" lang="en">
 <head>
  <title>
</title>
<meta http-equiv="Content-Type" content="text/html;charset=utf-8" />
  <meta name='ocr-system' content='tesseract 3.04.00' />
  <meta name='ocr-capabilities' content='ocr_page ocr_carea ocr_par ocr_line ocrx_word'/>
</head>
<body>
  <div class='ocr_page' id='page_1' title='image "./adspinozaeopera00leopgoog_0080.png"; bbox 0 0 3120 5070; ppageno 0'>
   <div class='ocr_carea' id='block_1_1' title="bbox 732 492 780 594">
    <p class='ocr_par' dir='ltr' id='par_1_1' title="bbox 732 492 780 594">
     <span class='ocr_line' id='line_1_1' title="bbox 732 492 780 594; baseline 0 -28"><span class='ocrx_word' id='word_1_1' title='bbox 732 492 780 594; x_wconf 77' lang='lat'><strong>59</strong></span> 
     </span>
    </p>
   </div>
   <div class='ocr_carea' id='block_1_2' title="bbox 166 697 1344 925">
    <p class='ocr_par' dir='ltr' id='par_1_2' title="bbox 166 697 1344 925">
     <span class='ocr_line' id='line_1_2' title="bbox 166 697 1344 792; baseline -0.002 -22"><span class='ocrx_word' id='word_1_2' title='bbox 166 698 257 770; x_wconf 92' lang='lat' dir='ltr'><strong>talia</strong></span> <span class='ocrx_word' id='word_1_3' title='bbox 283 700 499 770; x_wconf 91' lang='lat' dir='ltr'><strong>invenerint</strong></span> <span class='ocrx_word' id='word_1_4' title='bbox 525 697 725 790; x_wconf 92' lang='lat' dir='ltr'><strong>exempla,</strong></span> <span class='ocrx_word' id='word_1_5' title='bbox 754 700 792 768; x_wconf 94' lang='lat' dir='ltr'><strong>in</strong></span> <span class='ocrx_word' id='word_1_6' title='bbox 819 698 957 792; x_wconf 92' lang='lat' dir='ltr'><strong>quibus</strong></span> <span class='ocrx_word' id='word_1_7' title='bbox 983 720 1050 789; x_wconf 91' lang='lat' dir='ltr'><strong>ea,</strong></span> <span class='ocrx_word' id='word_1_8' title='bbox 1078 721 1178 792; x_wconf 90' lang='lat' dir='ltr'><strong>quae</strong></span> <span class='ocrx_word' id='word_1_9' title='bbox 1205 697 1344 768; x_wconf 89' lang='lat' dir='ltr'><strong>abesse</strong></span> 
     </span>
     <span class='ocr_line' id='line_1_3' title="bbox 166 831 1046 925; baseline -0.001 -22"><span class='ocrx_word' id='word_1_10' title='bbox 166 831 342 903; x_wconf 90' lang='lat' dir='ltr'><strong>voluerat</strong></span> <span class='ocrx_word' id='word_1_11' title='bbox 368 843 516 923; x_wconf 82' lang='lat' dir='ltr'>auctor,</span> <span class='ocrx_word' id='word_1_12' title='bbox 543 844 679 925; x_wconf 92' lang='lat' dir='ltr'><strong>aperte</strong></span> <span class='ocrx_word' id='word_1_13' title='bbox 706 831 876 903; x_wconf 91' lang='lat' dir='ltr'><strong>indicata</strong></span> <span class='ocrx_word' id='word_1_14' title='bbox 904 842 1046 903; x_wconf 79' lang='lat' dir='ltr'><strong>essent.</strong></span> 
     </span>
    </p>
   </div>
   <div class='ocr_carea' id='block_1_3' title="bbox 215 963 1454 1059">
    <p class='ocr_par' dir='ltr' id='par_1_3' title="bbox 215 963 1454 1059">
     <span class='ocr_line' id='line_1_4' title="bbox 215 963 1454 1059; baseline 0.002 -25"><span class='ocrx_word' id='word_1_15' title='bbox 215 963 327 1035; x_wconf 91' lang='lat' dir='ltr'><strong>Hanc</strong></span> <span class='ocrx_word' id='word_1_16' title='bbox 355 966 469 1059; x_wconf 85' lang='lat' dir='ltr'><strong>igitur</strong></span> <span class='ocrx_word' id='word_1_17' title='bbox 496 966 614 1057; x_wconf 90' lang='lat' dir='ltr'><strong>ipsius</strong></span> <span class='ocrx_word' id='word_1_18' title='bbox 641 964 834 1058; x_wconf 85' lang='lat' dir='ltr'><strong>Spinozae</strong></span> <span class='ocrx_word' id='word_1_19' title='bbox 856 967 1125 1036; x_wconf 82' lang='lat' dir='ltr'><strong>recensionem</strong></span> <span class='ocrx_word' id='word_1_20' title='bbox 1148 988 1219 1058; x_wconf 92' lang='lat' dir='ltr'><strong>pro</strong></span> <span class='ocrx_word' id='word_1_21' title='bbox 1237 987 1344 1035; x_wconf 85' lang='lat' dir='ltr'><strong>com·</strong></span> <span class='ocrx_word' id='word_1_22' title='bbox 1452 1033 1454 1036; x_wconf 75' lang='grc'>,</span> 
     </span>
    </p>
   </div>
   <div class='ocr_carea' id='block_1_4' title="bbox 162 1097 1349 2663">
    <p class='ocr_par' dir='ltr' id='par_1_4' title="bbox 162 1097 1345 1594">
     <span class='ocr_line' id='line_1_5' title="bbox 169 1097 1345 1193; baseline 0 -24"><span class='ocrx_word' id='word_1_23' title='bbox 169 1101 272 1169; x_wconf 92' lang='lat' dir='ltr'><strong>muni</strong></span> <span class='ocrx_word' id='word_1_24' title='bbox 295 1097 583 1193; x_wconf 89' lang='lat' dir='ltr'><strong>quodammodo</strong></span> <span class='ocrx_word' id='word_1_25' title='bbox 607 1099 860 1174; x_wconf 85' lang='lat' dir='ltr'><strong>fundamento</strong></span> <span class='ocrx_word' id='word_1_26' title='bbox 881 1098 1242 1192; x_wconf 89' lang='lat' dir='ltr'><strong>habuisseeiusque</strong></span> <span class='ocrx_word' id='word_1_27' title='bbox 1256 1121 1345 1170; x_wconf 90' lang='lat' dir='ltr'><strong>auc-</strong></span> 
     </span>
     <span class='ocr_line' id='line_1_6' title="bbox 168 1232 1345 1326; baseline -0.001 -23"><span class='ocrx_word' id='word_1_28' title='bbox 168 1234 365 1304; x_wconf 90' lang='lat' dir='ltr'><strong>toritatem</strong></span> <span class='ocrx_word' id='word_1_29' title='bbox 388 1235 426 1302; x_wconf 93' lang='lat' dir='ltr'><strong>in</strong></span> <span class='ocrx_word' id='word_1_30' title='bbox 448 1232 520 1304; x_wconf 92' lang='lat' dir='ltr'><strong>hac</strong></span> <span class='ocrx_word' id='word_1_31' title='bbox 541 1232 602 1304; x_wconf 87' lang='lat' dir='ltr'><strong>vel</strong></span> <span class='ocrx_word' id='word_1_32' title='bbox 623 1232 686 1303; x_wconf 90' lang='lat' dir='ltr'><strong>illa</strong></span> <span class='ocrx_word' id='word_1_33' title='bbox 708 1244 821 1326; x_wconf 90' lang='lat' dir='ltr'><strong>parte</strong></span> <span class='ocrx_word' id='word_1_34' title='bbox 840 1232 1056 1305; x_wconf 91' lang='lat' dir='ltr'><strong>omittenda</strong></span> <span class='ocrx_word' id='word_1_35' title='bbox 1080 1244 1237 1304; x_wconf 91' lang='lat' dir='ltr'><strong>secutos</strong></span> <span class='ocrx_word' id='word_1_36' title='bbox 1257 1254 1345 1304; x_wconf 92' lang='lat' dir='ltr'><strong>esse</strong></span> 
     </span>
     <span class='ocr_line' id='line_1_7' title="bbox 162 1338 1344 1461; baseline 0.001 -25"><span class='ocrx_word' id='word_1_37' title='bbox 162 1367 420 1460; x_wconf 89' lang='lat' dir='ltr'><strong>interpretem</strong></span> <span class='ocrx_word' id='word_1_38' title='bbox 443 1366 547 1461; x_wconf 87' lang='lat' dir='ltr'><strong>Belg.</strong></span> <span class='ocrx_word' id='word_1_39' title='bbox 571 1378 611 1438; x_wconf 91' lang='lat' dir='ltr'><strong>et</strong></span> <span class='ocrx_word' id='word_1_40' title='bbox 634 1365 721 1438; x_wconf 91' lang='lat' dir='ltr'><strong>edd.</strong></span> <span class='ocrx_word' id='word_1_41' title='bbox 746 1369 891 1460; x_wconf 91' lang='lat' dir='ltr'><strong>primos</strong></span> <span class='ocrx_word' id='word_1_42' title='bbox 914 1338 1163 1439; x_wconf 88' lang='lat' dir='ltr'><strong>statuendum</strong></span> <span class='ocrx_word' id='word_1_43' title='bbox 1182 1366 1344 1458; x_wconf 91' lang='lat' dir='ltr'><strong>videtur,</strong></span> 
     </span>
     <span class='ocr_line' id='line_1_8' title="bbox 169 1499 1245 1594; baseline 0 -24"><span class='ocrx_word' id='word_1_44' title='bbox 169 1502 489 1594; x_wconf 88' lang='lat' dir='ltr'><strong>quotiescumque</strong></span> <span class='ocrx_word' id='word_1_45' title='bbox 516 1523 586 1572; x_wconf 91' lang='lat' dir='ltr'><strong>eos</strong></span> <span class='ocrx_word' id='word_1_46' title='bbox 613 1503 882 1594; x_wconf 85' lang='lat' dir='ltr'><strong>conspirantes</strong></span> <span class='ocrx_word' id='word_1_47' title='bbox 908 1499 1245 1594; x_wconf 86' lang='lat' dir='ltr'><strong>deprehendimus.</strong></span> 
     </span>
    </p>

    <p class='ocr_par' dir='ltr' id='par_1_5' title="bbox 169 1633 1349 2663">
     <span class='ocr_line' id='line_1_9' title="bbox 217 1633 1347 1728; baseline 0.001 -25"><span class='ocrx_word' id='word_1_48' title='bbox 217 1633 314 1723; x_wconf 91' lang='lat' dir='ltr'><strong>lam,</strong></span> <span class='ocrx_word' id='word_1_49' title='bbox 343 1635 374 1705; x_wconf 91' lang='lat' dir='ltr'><strong>si</strong></span> <span class='ocrx_word' id='word_1_50' title='bbox 401 1635 439 1704; x_wconf 93' lang='lat' dir='ltr'><strong>in</strong></span> <span class='ocrx_word' id='word_1_51' title='bbox 462 1634 691 1726; x_wconf 90' lang='lat' dir='ltr'><strong>maioribus,</strong></span> <span class='ocrx_word' id='word_1_52' title='bbox 714 1646 851 1728; x_wconf 90' lang='lat' dir='ltr'><strong>utpote</strong></span> <span class='ocrx_word' id='word_1_53' title='bbox 866 1634 1059 1728; x_wconf 87' lang='lat' dir='ltr'><strong>Spinozae</strong></span> <span class='ocrx_word' id='word_1_54' title='bbox 1073 1636 1347 1706; x_wconf 90' lang='lat' dir='ltr'><strong>auctoritatem</strong></span> 
     </span>
     <span class='ocr_line' id='line_1_10' title="bbox 170 1767 1348 1862; baseline 0.001 -24"><span class='ocrx_word' id='word_1_55' title='bbox 170 1778 449 1862; x_wconf 81' lang='lat' dir='ltr'><strong>agnoscentes,</strong></span> <span class='ocrx_word' id='word_1_56' title='bbox 476 1767 703 1861; x_wconf 91' lang='lat' dir='ltr'><strong>plerumque</strong></span> <span class='ocrx_word' id='word_1_57' title='bbox 730 1769 985 1860; x_wconf 90' lang='lat' dir='ltr'><strong>conveniunt,</strong></span> <span class='ocrx_word' id='word_1_58' title='bbox 1013 1769 1144 1839; x_wconf 89' lang='lat' dir='ltr'><strong>tamen</strong></span> <span class='ocrx_word' id='word_1_59' title='bbox 1170 1770 1209 1838; x_wconf 93' lang='lat' dir='ltr'><strong>in</strong></span> <span class='ocrx_word' id='word_1_60' title='bbox 1231 1767 1348 1839; x_wconf 92' lang='lat' dir='ltr'><strong>rebus</strong></span> 
     </span>
     <span class='ocr_line' id='line_1_11' title="bbox 169 1899 1346 1997; baseline -0.001 -26"><span class='ocrx_word' id='word_1_61' title='bbox 169 1903 328 1997; x_wconf 86' lang='lat' dir='ltr'><strong>minoris</strong></span> <span class='ocrx_word' id='word_1_62' title='bbox 354 1903 540 1973; x_wconf 91' lang='lat' dir='ltr'><strong>momenti</strong></span> <span class='ocrx_word' id='word_1_63' title='bbox 567 1903 660 1972; x_wconf 91' lang='lat' dir='ltr'><strong>satis</strong></span> <span class='ocrx_word' id='word_1_64' title='bbox 687 1899 912 1994; x_wconf 86' lang='lat' dir='ltr'><strong>frequenter</strong></span> <span class='ocrx_word' id='word_1_65' title='bbox 935 1903 1035 1972; x_wconf 92' lang='lat' dir='ltr'><strong>inter</strong></span> <span class='ocrx_word' id='word_1_66' title='bbox 1050 1923 1091 1973; x_wconf 93' lang='lat' dir='ltr'><strong>se</strong></span> <span class='ocrx_word' id='word_1_67' title='bbox 1106 1899 1346 1994; x_wconf 90' lang='lat' dir='ltr'><strong>discrepant,</strong></span> 
     </span>
     <span class='ocr_line' id='line_1_12' title="bbox 172 2034 1348 2129; baseline 0 -24"><span class='ocrx_word' id='word_1_68' title='bbox 172 2036 225 2105; x_wconf 90' lang='lat' dir='ltr'><strong>ita</strong></span> <span class='ocrx_word' id='word_1_69' title='bbox 260 2045 302 2105; x_wconf 94' lang='lat' dir='ltr'><strong>ut</strong></span> <span class='ocrx_word' id='word_1_70' title='bbox 336 2045 376 2105; x_wconf 91' lang='lat' dir='ltr'><strong>et</strong></span> <span class='ocrx_word' id='word_1_71' title='bbox 410 2035 482 2127; x_wconf 92' lang='lat' dir='ltr'><strong>ipsi</strong></span> <span class='ocrx_word' id='word_1_72' title='bbox 516 2058 586 2106; x_wconf 88' lang='lat' dir='ltr'><strong>suo</strong></span> <span class='ocrx_word' id='word_1_73' title='bbox 620 2034 744 2105; x_wconf 90' lang='lat' dir='ltr'><strong>Marte</strong></span> <span class='ocrx_word' id='word_1_74' title='bbox 771 2034 954 2106; x_wconf 91' lang='lat' dir='ltr'><strong>nonnulla</strong></span> <span class='ocrx_word' id='word_1_75' title='bbox 980 2046 1177 2129; x_wconf 85' lang='lat' dir='ltr'><strong>tamquam</strong></span> <span class='ocrx_word' id='word_1_76' title='bbox 1204 2034 1348 2106; x_wconf 91' lang='lat' dir='ltr'><strong>leviora</strong></span> 
     </span>
     <span class='ocr_line' id='line_1_13' title="bbox 174 2167 1348 2262; baseline 0 -23"><span class='ocrx_word' id='word_1_77' title='bbox 174 2178 240 2239; x_wconf 93' lang='lat' dir='ltr'><strong>aut</strong></span> <span class='ocrx_word' id='word_1_78' title='bbox 266 2169 391 2240; x_wconf 91' lang='lat' dir='ltr'><strong>minus</strong></span> <span class='ocrx_word' id='word_1_79' title='bbox 418 2180 526 2261; x_wconf 91' lang='lat' dir='ltr'><strong>apta,</strong></span> <span class='ocrx_word' id='word_1_80' title='bbox 554 2191 654 2261; x_wconf 91' lang='lat' dir='ltr'><strong>quae</strong></span> <span class='ocrx_word' id='word_1_81' title='bbox 677 2168 960 2262; x_wconf 84' lang='lat' dir='ltr'><strong>evulgarentur,</strong></span> <span class='ocrx_word' id='word_1_82' title='bbox 989 2171 1165 2241; x_wconf 91' lang='lat' dir='ltr'><strong>omisisse</strong></span> <span class='ocrx_word' id='word_1_83' title='bbox 1192 2167 1348 2240; x_wconf 89' lang='lat' dir='ltr'><strong>videan-</strong></span> 
     </span>
     <span class='ocr_line' id='line_1_14' title="bbox 172 2301 1348 2398; baseline 0.003 -26"><span class='ocrx_word' id='word_1_84' title='bbox 172 2312 245 2375; x_wconf 89' lang='lat' dir='ltr'><strong>tur.</strong></span> <span class='ocrx_word' id='word_1_85' title='bbox 273 2302 360 2395; x_wconf 80' lang='lat' dir='ltr'><strong>Qua</strong></span> <span class='ocrx_word' id='word_1_86' title='bbox 376 2304 424 2379; x_wconf 57' lang='lat' dir='ltr'><strong>,in</strong></span> <span class='ocrx_word' id='word_1_87' title='bbox 451 2324 492 2373; x_wconf 92' lang='lat' dir='ltr'><strong>re</strong></span> <span class='ocrx_word' id='word_1_88' title='bbox 515 2301 628 2375; x_wconf 87' lang='lat' dir='ltr'><strong>facile</strong></span> <span class='ocrx_word' id='word_1_89' title='bbox 650 2314 813 2396; x_wconf 90' lang='lat' dir='ltr'><strong>apparet</strong></span> <span class='ocrx_word' id='word_1_90' title='bbox 835 2306 1089 2398; x_wconf 89' lang='lat' dir='ltr'><strong>interpretem</strong></span> <span class='ocrx_word' id='word_1_91' title='bbox 1102 2303 1206 2398; x_wconf 85' lang='lat' dir='ltr'><strong>Belg.</strong></span> <span class='ocrx_word' id='word_1_92' title='bbox 1222 2305 1348 2375; x_wconf 92' lang='lat' dir='ltr'><strong>minus</strong></span> 
     </span>
     <span class='ocr_line' id='line_1_15' title="bbox 175 2436 1349 2532; baseline -0.001 -24"><span class='ocrx_word' id='word_1_93' title='bbox 175 2436 246 2508; x_wconf 91' lang='lat' dir='ltr'><strong>sibi</strong></span> <span class='ocrx_word' id='word_1_94' title='bbox 273 2438 483 2530; x_wconf 91' lang='lat' dir='ltr'><strong>sumpsisse</strong></span> <span class='ocrx_word' id='word_1_95' title='bbox 510 2448 550 2508; x_wconf 90' lang='lat' dir='ltr'><strong>et</strong></span> <span class='ocrx_word' id='word_1_96' title='bbox 572 2437 662 2509; x_wconf 90' lang='lat' dir='ltr'><strong>Mss.</strong></span> <span class='ocrx_word' id='word_1_97' title='bbox 678 2439 841 2532; x_wconf 84' lang='lat' dir='ltr'><strong>vestigia</strong></span> <span class='ocrx_word' id='word_1_98' title='bbox 855 2439 1014 2531; x_wconf 93' lang='lat' dir='ltr'><strong>propius</strong></span> <span class='ocrx_word' id='word_1_99' title='bbox 1029 2440 1219 2532; x_wconf 89' lang='lat' dir='ltr'><strong>pressisse</strong></span> <span class='ocrx_word' id='word_1_100' title='bbox 1235 2460 1349 2531; x_wconf 93' lang='lat' dir='ltr'><strong>quam</strong></span> 
     </span>
     <span class='ocr_line' id='line_1_16' title="bbox 176 2569 531 2663; baseline 0.006 -23"><span class='ocrx_word' id='word_1_101' title='bbox 176 2569 348 2642; x_wconf 91' lang='lat' dir='ltr'><strong>editores</strong></span> <span class='ocrx_word' id='word_1_102' title='bbox 375 2572 531 2663; x_wconf 91' lang='lat' dir='ltr'><strong>primos.</strong></span> 
     </span>
    </p>
   </div>
   <div class='ocr_carea' id='block_1_5' title="bbox 87 2647 1373 2933">
    <p class='ocr_par' dir='ltr' id='par_1_6' title="bbox 87 2647 1373 2933">
     <span class='ocr_line' id='line_1_17' title="bbox 221 2647 1373 2800; baseline 0.001 -27"><span class='ocrx_word' id='word_1_103' title='bbox 221 2702 352 2774; x_wconf 90' lang='lat' dir='ltr'><strong>Pauca</strong></span> <span class='ocrx_word' id='word_1_104' title='bbox 372 2703 554 2798; x_wconf 91' lang='lat' dir='ltr'><strong>exempla</strong></span> <span class='ocrx_word' id='word_1_105' title='bbox 576 2728 781 2799; x_wconf 85' lang='lat' dir='ltr'><strong>apponam.</strong></span> <span class='ocrx_word' id='word_1_106' title='bbox 803 2705 875 2800; x_wconf 88' lang='lat' dir='ltr'><strong>Ep.</strong></span> <span class='ocrx_word' id='word_1_107' title='bbox 899 2706 952 2777; x_wconf 89' lang='lat' dir='ltr'><strong>IX</strong></span> <span class='ocrx_word' id='word_1_108' title='bbox 970 2708 1008 2777; x_wconf 92' lang='lat' dir='ltr'><strong>in</strong></span> <span class='ocrx_word' id='word_1_109' title='bbox 1030 2706 1106 2777; x_wconf 87' lang='lat' dir='ltr'><strong>fine</strong></span> <span class='ocrx_word' id='word_1_110' title='bbox 1120 2647 1217 2777; x_wconf 84' lang='lat' dir='ltr'><strong>haec</strong></span> <span class='ocrx_word' id='word_1_111' title='bbox 1232 2704 1349 2776; x_wconf 92' lang='lat' dir='ltr'><strong>habet</strong></span> <span class='ocrx_word' id='word_1_112' title='bbox 1371 2689 1373 2692; x_wconf 43' lang='grc'>’</span> 
     </span>
     <span class='ocr_line' id='line_1_18' title="bbox 87 2833 1350 2933; baseline 0.002 -26"><span class='ocrx_word' id='word_1_113' title='bbox 87 2880 90 2885; x_wconf 60' lang='lat'>&gt;</span> <span class='ocrx_word' id='word_1_114' title='bbox 173 2833 239 2909; x_wconf 92' lang='lat' dir='ltr'><strong>Vs.</strong></span> <span class='ocrx_word' id='word_1_115' title='bbox 274 2836 335 2928; x_wconf 66' lang='lat' dir='ltr'><strong>B,</strong></span> <span class='ocrx_word' id='word_1_116' title='bbox 375 2836 527 2910; x_wconf 93' lang='lat' dir='ltr'><strong>duobus</strong></span> <span class='ocrx_word' id='word_1_117' title='bbox 567 2837 708 2912; x_wconf 89' lang='lat' dir='ltr'><strong>additis</strong></span> <span class='ocrx_word' id='word_1_118' title='bbox 746 2839 956 2913; x_wconf 92' lang='lat' dir='ltr'><strong>lemmatis:</strong></span> <span class='ocrx_word' id='word_1_119' title='bbox 1003 2838 1167 2933; x_wconf 82' lang='lat' dir='ltr'><strong>„Atque</strong></span> <span class='ocrx_word' id='word_1_120' title='bbox 1204 2839 1262 2910; x_wconf 91' lang='lat' dir='ltr'><strong>his</strong></span> <span class='ocrx_word' id='word_1_121' title='bbox 1288 2861 1350 2909; x_wconf 90' lang='lat' dir='ltr'><strong>me</strong></span> 
     </span>
    </p>
   </div>
   <div class='ocr_carea' id='block_1_6' title="bbox 173 2971 1351 3068">
    <p class='ocr_par' dir='ltr' id='par_1_7' title="bbox 173 2971 1351 3068">
     <span class='ocr_line' id='line_1_19' title="bbox 173 2971 1351 3068; baseline 0.002 -28"><span class='ocrx_word' id='word_1_122' title='bbox 173 2971 249 3042; x_wconf 92' lang='lat' dir='ltr'><strong>tuis</strong></span> <span class='ocrx_word' id='word_1_123' title='bbox 295 2972 587 3064; x_wconf 89' lang='lat' dir='ltr'><strong>quaestionibus</strong></span> <span class='ocrx_word' id='word_1_124' title='bbox 626 2973 863 3047; x_wconf 87' lang='lat' dir='ltr'><strong>satisfecisse</strong></span> <span class='ocrx_word' id='word_1_125' title='bbox 902 2985 1008 3068; x_wconf 87' lang='lat' dir='ltr'><strong>puto.</strong></span> <span class='ocrx_word' id='word_1_126' title='bbox 1048 2974 1203 3060; x_wconf 89' lang='lat' dir='ltr'><strong>Interim</strong></span> <span class='ocrx_word' id='word_1_127' title='bbox 1242 2983 1351 3043; x_wconf 92' lang='lat' dir='ltr'><strong>tuum</strong></span> 
     </span>
    </p>
   </div>
   <div class='ocr_carea' id='block_1_7' title="bbox 173 3167 387 3177">
    <p class='ocr_par' dir='ltr' id='par_1_8' title="bbox 173 3167 387 3177">
     <span class='ocr_line' id='line_1_20' title="bbox 173 3167 387 3177; baseline 0.005 -1"><span class='ocrx_word' id='word_1_128' title='bbox 173 3167 387 3177; x_wconf 76' lang='lat'><strong>———</strong></span> 
     </span>
    </p>
   </div>
   <div class='ocr_carea' id='block_1_8' title="bbox 169 3275 1363 4526">
    <p class='ocr_par' dir='ltr' id='par_1_9' title="bbox 169 3275 1363 4526">
     <span class='ocr_line' id='line_1_21' title="bbox 170 3275 1358 3352; baseline 0 -21"><span class='ocrx_word' id='word_1_129' title='bbox 170 3275 378 3350; x_wconf 88' lang='lat' dir='ltr'><strong>autographon</strong></span> <span class='ocrx_word' id='word_1_130' title='bbox 402 3293 575 3350; x_wconf 91' lang='lat' dir='ltr'><strong>expressum</strong></span> <span class='ocrx_word' id='word_1_131' title='bbox 597 3284 642 3333; x_wconf 89' lang='lat' dir='ltr'><strong>est</strong></span> <span class='ocrx_word' id='word_1_132' title='bbox 663 3275 691 3332; x_wconf 88' lang='lat' dir='ltr'><strong>iu</strong></span> <span class='ocrx_word' id='word_1_133' title='bbox 716 3276 763 3333; x_wconf 84' lang='lat' dir='ltr'><strong>erl.</strong></span> <span class='ocrx_word' id='word_1_134' title='bbox 786 3278 865 3352; x_wconf 89' lang='lat' dir='ltr'><strong>Hag.</strong></span> <span class='ocrx_word' id='word_1_135' title='bbox 888 3277 979 3349; x_wconf 89' lang='lat' dir='ltr'><strong>Quod</strong></span> <span class='ocrx_word' id='word_1_136' title='bbox 1000 3275 1023 3334; x_wconf 90' lang='lat' dir='ltr'><strong>si</strong></span> <span class='ocrx_word' id='word_1_137' title='bbox 1045 3295 1114 3333; x_wconf 89' lang='lat' dir='ltr'><strong>cum</strong></span> <span class='ocrx_word' id='word_1_138' title='bbox 1134 3276 1190 3333; x_wconf 87' lang='lat' dir='ltr'><strong>Ed.</strong></span> <span class='ocrx_word' id='word_1_139' title='bbox 1210 3277 1257 3333; x_wconf 89' lang='lat' dir='ltr'><strong>Pr.</strong></span> <span class='ocrx_word' id='word_1_140' title='bbox 1276 3292 1358 3331; x_wconf 91' lang='lat' dir='ltr'><strong>com·</strong></span> 
     </span>
     <span class='ocr_line' id='line_1_22' title="bbox 169 3374 1358 3450; baseline 0 -20"><span class='ocrx_word' id='word_1_141' title='bbox 169 3390 273 3446; x_wconf 90' lang='lat' dir='ltr'><strong>paras,</strong></span> <span class='ocrx_word' id='word_1_142' title='bbox 298 3382 381 3448; x_wconf 89' lang='lat' dir='ltr'><strong>patet</strong></span> <span class='ocrx_word' id='word_1_143' title='bbox 409 3374 490 3431; x_wconf 91' lang='lat' dir='ltr'><strong>haud</strong></span> <span class='ocrx_word' id='word_1_144' title='bbox 519 3392 617 3450; x_wconf 89' lang='lat' dir='ltr'><strong>pauca</strong></span> <span class='ocrx_word' id='word_1_145' title='bbox 644 3374 771 3446; x_wconf 91' lang='lat' dir='ltr'><strong>omissa,</strong></span> <span class='ocrx_word' id='word_1_146' title='bbox 800 3384 951 3445; x_wconf 90' lang='lat' dir='ltr'><strong>correcta,</strong></span> <span class='ocrx_word' id='word_1_147' title='bbox 979 3374 1114 3432; x_wconf 89' lang='lat' dir='ltr'><strong>redolata</strong></span> <span class='ocrx_word' id='word_1_148' title='bbox 1142 3392 1221 3446; x_wconf 77' lang='lat' dir='ltr'><strong>esse3</strong></span> <span class='ocrx_word' id='word_1_149' title='bbox 1246 3392 1292 3432; x_wconf 91' lang='lat' dir='ltr'><strong>ex.</strong></span> <span class='ocrx_word' id='word_1_150' title='bbox 1314 3392 1358 3448; x_wconf 91' lang='lat' dir='ltr'><strong>gr.</strong></span> 
     </span>
     <span class='ocr_line' id='line_1_23' title="bbox 170 3470 1358 3545; baseline -0.001 -17"><span class='ocrx_word' id='word_1_151' title='bbox 170 3488 347 3545; x_wconf 84' lang='lat' dir='ltr'><strong>„quaenam</strong></span> <span class='ocrx_word' id='word_1_152' title='bbox 374 3470 425 3528; x_wconf 84' lang='lat' dir='ltr'><strong>liic</strong></span> <span class='ocrx_word' id='word_1_153' title='bbox 451 3481 527 3530; x_wconf 80' lang='lat' dir='ltr'><strong>esset</strong></span> <span class='ocrx_word' id='word_1_154' title='bbox 552 3470 724 3544; x_wconf 89' lang='lat' dir='ltr'><strong>distinctio,</strong></span> <span class='ocrx_word' id='word_1_155' title='bbox 757 3490 819 3530; x_wconf 93' lang='lat' dir='ltr'><strong>non</strong></span> <span class='ocrx_word' id='word_1_156' title='bbox 840 3474 918 3532; x_wconf 89' lang='lat' dir='ltr'><strong>bene</strong></span> <span class='ocrx_word' id='word_1_157' title='bbox 942 3470 1081 3530; x_wconf 91' lang='lat' dir='ltr'><strong>videmus</strong></span> <span class='ocrx_word' id='word_1_158' title='bbox 1091 3472 1107 3497; x_wconf 87' lang='lat'><strong>&#39;’</strong></span> <span class='ocrx_word' id='word_1_159' title='bbox 1139 3489 1209 3528; x_wconf 90' lang='lat' dir='ltr'><strong>cum</strong></span> <span class='ocrx_word' id='word_1_160' title='bbox 1232 3470 1288 3528; x_wconf 90' lang='lat' dir='ltr'><strong>Ed.</strong></span> <span class='ocrx_word' id='word_1_161' title='bbox 1310 3472 1358 3527; x_wconf 92' lang='lat' dir='ltr'><strong>Pr.</strong></span> 
     </span>
     <span class='ocr_line' id='line_1_24' title="bbox 171 3567 1359 3646; baseline -0.001 -21"><span class='ocrx_word' id='word_1_162' title='bbox 171 3569 213 3625; x_wconf 81' lang='lat' dir='ltr'><strong>sit</strong></span> <span class='ocrx_word' id='word_1_163' title='bbox 237 3567 379 3627; x_wconf 90' lang='lat' dir='ltr'><strong>exhibeat</strong></span> <span class='ocrx_word' id='word_1_164' title='bbox 386 3589 394 3642; x_wconf 90' lang='lat'>;</span> <span class='ocrx_word' id='word_1_165' title='bbox 424 3589 513 3645; x_wconf 90' lang='lat' dir='ltr'><strong>porro</strong></span> <span class='ocrx_word' id='word_1_166' title='bbox 541 3571 636 3628; x_wconf 90' lang='lat' dir='ltr'><strong>multa</strong></span> <span class='ocrx_word' id='word_1_167' title='bbox 663 3568 694 3627; x_wconf 91' lang='lat' dir='ltr'><strong>in</strong></span> <span class='ocrx_word' id='word_1_168' title='bbox 718 3570 774 3629; x_wconf 86' lang='lat' dir='ltr'><strong>Ed.</strong></span> <span class='ocrx_word' id='word_1_169' title='bbox 796 3573 843 3630; x_wconf 89' lang='lat' dir='ltr'><strong>Pr.</strong></span> <span class='ocrx_word' id='word_1_170' title='bbox 866 3568 1033 3646; x_wconf 84' lang='lat' dir='ltr'><strong>elegantius</strong></span> <span class='ocrx_word' id='word_1_171' title='bbox 1055 3587 1195 3645; x_wconf 89' lang='lat' dir='ltr'><strong>expressa</strong></span> <span class='ocrx_word' id='word_1_172' title='bbox 1216 3569 1359 3641; x_wconf 85' lang='lat' dir='ltr'><strong>feruntur,</strong></span> 
     </span>
     <span class='ocr_line' id='line_1_25' title="bbox 171 3665 1360 3745; baseline 0.002 -23"><span class='ocrx_word' id='word_1_173' title='bbox 171 3666 254 3724; x_wconf 90' lang='lat' dir='ltr'><strong>velut</strong></span> <span class='ocrx_word' id='word_1_174' title='bbox 284 3665 421 3742; x_wconf 85' lang='lat' dir='ltr'><strong>„eligere</strong></span> <span class='ocrx_word' id='word_1_175' title='bbox 452 3686 537 3742; x_wconf 89' lang='lat' dir='ltr'><strong>prae,</strong></span> <span class='ocrx_word' id='word_1_176' title='bbox 567 3667 707 3742; x_wconf 89' lang='lat' dir='ltr'><strong>nequire,</strong></span> <span class='ocrx_word' id='word_1_177' title='bbox 736 3668 849 3726; x_wconf 88' lang='lat' dir='ltr'><strong>obnixe</strong></span> <span class='ocrx_word' id='word_1_178' title='bbox 877 3680 963 3745; x_wconf 82' lang='lat' dir='ltr'><strong>pete,</strong></span> <span class='ocrx_word' id='word_1_179' title='bbox 992 3667 1017 3726; x_wconf 91' lang='lat' dir='ltr'><strong>si</strong></span> <span class='ocrx_word' id='word_1_180' title='bbox 1045 3686 1098 3742; x_wconf 90' lang='lat' dir='ltr'><strong>per</strong></span> <span class='ocrx_word' id='word_1_181' title='bbox 1124 3666 1219 3724; x_wconf 89' lang='lat' dir='ltr'><strong>otium</strong></span> <span class='ocrx_word' id='word_1_182' title='bbox 1248 3684 1360 3741; x_wconf 90' lang='lat' dir='ltr'><strong>perque</strong></span> 
     </span>
     <span class='ocr_line' id='line_1_26' title="bbox 171 3761 1360 3840; baseline 0.001 -20"><span class='ocrx_word' id='word_1_183' title='bbox 171 3762 327 3840; x_wconf 85' lang='lat' dir='ltr'><strong>negotium</strong></span> <span class='ocrx_word' id='word_1_184' title='bbox 360 3763 465 3837; x_wconf 89' lang='lat' dir='ltr'><strong>liceat,</strong></span> <span class='ocrx_word' id='word_1_185' title='bbox 496 3784 652 3823; x_wconf 86' lang='lat' dir='ltr'><strong>necessum</strong></span> <span class='ocrx_word' id='word_1_186' title='bbox 681 3766 754 3824; x_wconf 87' lang='lat' dir='ltr'><strong>est.&#39;’</strong></span> <span class='ocrx_word' id='word_1_187' title='bbox 783 3766 860 3824; x_wconf 90' lang='lat' dir='ltr'><strong>Cum</strong></span> <span class='ocrx_word' id='word_1_188' title='bbox 890 3776 991 3824; x_wconf 90' lang='lat' dir='ltr'><strong>autem</strong></span> <span class='ocrx_word' id='word_1_189' title='bbox 1021 3767 1074 3822; x_wconf 87' lang='lat' dir='ltr'><strong>Vs.</strong></span> <span class='ocrx_word' id='word_1_190' title='bbox 1103 3764 1136 3824; x_wconf 90' lang='lat' dir='ltr'><strong>B.</strong></span> <span class='ocrx_word' id='word_1_191' title='bbox 1158 3764 1232 3821; x_wconf 89' lang='lat' dir='ltr'><strong>haec</strong></span> <span class='ocrx_word' id='word_1_192' title='bbox 1253 3773 1282 3820; x_wconf 93' lang='lat' dir='ltr'><strong>et</strong></span> <span class='ocrx_word' id='word_1_193' title='bbox 1301 3761 1360 3821; x_wconf 89' lang='lat' dir='ltr'><strong>alia</strong></span> 
     </span>
     <span class='ocr_line' id='line_1_27' title="bbox 170 3861 1359 3938; baseline 0 -20"><span class='ocrx_word' id='word_1_194' title='bbox 170 3878 292 3936; x_wconf 89' lang='lat' dir='ltr'><strong>quoque</strong></span> <span class='ocrx_word' id='word_1_195' title='bbox 313 3861 391 3920; x_wconf 89' lang='lat' dir='ltr'><strong>inter</strong></span> <span class='ocrx_word' id='word_1_196' title='bbox 410 3872 526 3938; x_wconf 86' lang='lat' dir='ltr'><strong>autogr.</strong></span> <span class='ocrx_word' id='word_1_197' title='bbox 545 3874 574 3921; x_wconf 91' lang='lat' dir='ltr'><strong>et</strong></span> <span class='ocrx_word' id='word_1_198' title='bbox 592 3865 648 3921; x_wconf 89' lang='lat' dir='ltr'><strong>Ed.</strong></span> <span class='ocrx_word' id='word_1_199' title='bbox 667 3865 714 3921; x_wconf 92' lang='lat' dir='ltr'><strong>Pr.</strong></span> <span class='ocrx_word' id='word_1_200' title='bbox 733 3863 926 3937; x_wconf 88' lang='lat' dir='ltr'><strong>discrimina,</strong></span> <span class='ocrx_word' id='word_1_201' title='bbox 944 3882 1022 3938; x_wconf 90' lang='lat' dir='ltr'><strong>quae</strong></span> <span class='ocrx_word' id='word_1_202' title='bbox 1040 3880 1196 3920; x_wconf 88' lang='lat' dir='ltr'><strong>recensere</strong></span> <span class='ocrx_word' id='word_1_203' title='bbox 1214 3862 1359 3938; x_wconf 82' lang='lat' dir='ltr'><strong>neglege,</strong></span> 
     </span>
     <span class='ocr_line' id='line_1_28' title="bbox 171 3958 1362 4037; baseline -0.002 -19"><span class='ocrx_word' id='word_1_204' title='bbox 171 3958 276 4018; x_wconf 86' lang='lat' dir='ltr'><strong>onmia</strong></span> <span class='ocrx_word' id='word_1_205' title='bbox 305 3970 467 4035; x_wconf 91' lang='lat' dir='ltr'><strong>agnoscat,</strong></span> <span class='ocrx_word' id='word_1_206' title='bbox 496 3970 525 4019; x_wconf 90' lang='lat' dir='ltr'><strong>et</strong></span> <span class='ocrx_word' id='word_1_207' title='bbox 553 3959 666 4036; x_wconf 91' lang='lat' dir='ltr'><strong>ubique</strong></span> <span class='ocrx_word' id='word_1_208' title='bbox 695 3980 764 4019; x_wconf 91' lang='lat' dir='ltr'><strong>cum</strong></span> <span class='ocrx_word' id='word_1_209' title='bbox 794 3963 852 4020; x_wconf 89' lang='lat' dir='ltr'><strong>Ed.</strong></span> <span class='ocrx_word' id='word_1_210' title='bbox 873 3963 920 4020; x_wconf 91' lang='lat' dir='ltr'><strong>Pr.</strong></span> <span class='ocrx_word' id='word_1_211' title='bbox 944 3959 1113 4037; x_wconf 86' lang='lat' dir='ltr'><strong>conspiret,</strong></span> <span class='ocrx_word' id='word_1_212' title='bbox 1142 3959 1192 4016; x_wconf 90' lang='lat' dir='ltr'><strong>vix</strong></span> <span class='ocrx_word' id='word_1_213' title='bbox 1213 3959 1362 4018; x_wconf 89' lang='lat' dir='ltr'><strong>assentior</strong></span> 
     </span>
     <span class='ocr_line' id='line_1_29' title="bbox 172 4057 1361 4134; baseline 0.002 -19"><span class='ocrx_word' id='word_1_214' title='bbox 172 4058 276 4130; x_wconf 86' lang='lat' dir='ltr'><strong>Laud,</strong></span> <span class='ocrx_word' id='word_1_215' title='bbox 307 4057 360 4133; x_wconf 90' lang='lat' dir='ltr'><strong>qui</strong></span> <span class='ocrx_word' id='word_1_216' title='bbox 391 4057 422 4114; x_wconf 92' lang='lat' dir='ltr'><strong>in</strong></span> <span class='ocrx_word' id='word_1_217' title='bbox 450 4068 523 4117; x_wconf 87' lang='lat' dir='ltr'><strong>nota</strong></span> <span class='ocrx_word' id='word_1_218' title='bbox 549 4058 589 4116; x_wconf 89' lang='lat' dir='ltr'><strong>ad</strong></span> <span class='ocrx_word' id='word_1_219' title='bbox 617 4060 697 4117; x_wconf 84' lang='lat' dir='ltr'><strong>lianc</strong></span> <span class='ocrx_word' id='word_1_220' title='bbox 725 4058 885 4134; x_wconf 86' lang='lat' dir='ltr'><strong>epistulam</strong></span> <span class='ocrx_word' id='word_1_221' title='bbox 914 4059 1073 4118; x_wconf 87' lang='lat' dir='ltr'><strong>contendit</strong></span> <span class='ocrx_word' id='word_1_222' title='bbox 1096 4069 1211 4117; x_wconf 90' lang='lat' dir='ltr'><strong>veteres</strong></span> <span class='ocrx_word' id='word_1_223' title='bbox 1232 4057 1361 4117; x_wconf 87' lang='lat' dir='ltr'><strong>editores</strong></span> 
     </span>
     <span class='ocr_line' id='line_1_30' title="bbox 171 4155 1361 4232; baseline 0.001 -18"><span class='ocrx_word' id='word_1_224' title='bbox 171 4158 381 4232; x_wconf 86' lang='lat' dir='ltr'><strong>autographon</strong></span> <span class='ocrx_word' id='word_1_225' title='bbox 409 4156 576 4232; x_wconf 89' lang='lat' dir='ltr'><strong>elegantius</strong></span> <span class='ocrx_word' id='word_1_226' title='bbox 598 4155 764 4232; x_wconf 89' lang='lat' dir='ltr'><strong>exprimere</strong></span> <span class='ocrx_word' id='word_1_227' title='bbox 785 4168 912 4216; x_wconf 88' lang='lat' dir='ltr'><strong>conatos</strong></span> <span class='ocrx_word' id='word_1_228' title='bbox 934 4176 1015 4232; x_wconf 90' lang='lat' dir='ltr'><strong>esse,</strong></span> <span class='ocrx_word' id='word_1_229' title='bbox 1037 4158 1091 4216; x_wconf 92' lang='lat' dir='ltr'><strong>sed</strong></span> <span class='ocrx_word' id='word_1_230' title='bbox 1113 4158 1194 4214; x_wconf 90' lang='lat' dir='ltr'><strong>malo</strong></span> <span class='ocrx_word' id='word_1_231' title='bbox 1215 4166 1361 4230; x_wconf 88' lang='lat' dir='ltr'><strong>statuere,</strong></span> 
     </span>
     <span class='ocr_line' id='line_1_31' title="bbox 173 4252 1361 4331; baseline 0 -19"><span class='ocrx_word' id='word_1_232' title='bbox 173 4252 335 4329; x_wconf 90' lang='lat' dir='ltr'><strong>Spinozam</strong></span> <span class='ocrx_word' id='word_1_233' title='bbox 364 4253 461 4329; x_wconf 90' lang='lat' dir='ltr'><strong>ipsum</strong></span> <span class='ocrx_word' id='word_1_234' title='bbox 490 4253 650 4330; x_wconf 90' lang='lat' dir='ltr'><strong>epistulam</strong></span> <span class='ocrx_word' id='word_1_235' title='bbox 681 4253 805 4325; x_wconf 88' lang='lat' dir='ltr'><strong>Vriesii‚</strong></span> <span class='ocrx_word' id='word_1_236' title='bbox 830 4254 880 4314; x_wconf 85' lang='lat' dir='ltr'><strong>liic</strong></span> <span class='ocrx_word' id='word_1_237' title='bbox 902 4254 965 4313; x_wconf 91' lang='lat' dir='ltr'><strong>illic</strong></span> <span class='ocrx_word' id='word_1_238' title='bbox 986 4253 1153 4331; x_wconf 91' lang='lat' dir='ltr'><strong>imperitius</strong></span> <span class='ocrx_word' id='word_1_239' title='bbox 1174 4274 1361 4330; x_wconf 87' lang='lat' dir='ltr'><strong>expressam,</strong></span> 
     </span>
     <span class='ocr_line' id='line_1_32' title="bbox 172 4351 1363 4429; baseline 0.001 -20"><span class='ocrx_word' id='word_1_240' title='bbox 172 4351 368 4427; x_wconf 89' lang='lat' dir='ltr'><strong>perpolivisse</strong></span> <span class='ocrx_word' id='word_1_241' title='bbox 385 4370 483 4427; x_wconf 90' lang='lat' dir='ltr'><strong>neque</strong></span> <span class='ocrx_word' id='word_1_242' title='bbox 502 4362 619 4410; x_wconf 90' lang='lat' dir='ltr'><strong>tantum</strong></span> <span class='ocrx_word' id='word_1_243' title='bbox 638 4352 805 4428; x_wconf 88' lang='lat' dir='ltr'><strong>elegantius</strong></span> <span class='ocrx_word' id='word_1_244' title='bbox 822 4355 875 4412; x_wconf 88' lang='lat' dir='ltr'><strong>sed</strong></span> <span class='ocrx_word' id='word_1_245' title='bbox 896 4353 1026 4412; x_wconf 91' lang='lat' dir='ltr'><strong>lucidius</strong></span> <span class='ocrx_word' id='word_1_246' title='bbox 1044 4371 1165 4429; x_wconf 90' lang='lat' dir='ltr'><strong>quoque</strong></span> <span class='ocrx_word' id='word_1_247' title='bbox 1183 4352 1363 4429; x_wconf 86' lang='lat' dir='ltr'><strong>expressisse</strong></span> 
     </span>
     <span class='ocr_line' id='line_1_33' title="bbox 172 4437 844 4526; baseline 0.006 -19"><span class='ocrx_word' id='word_1_248' title='bbox 172 4460 203 4508; x_wconf 88' lang='lat' dir='ltr'><strong>et</strong></span> <span class='ocrx_word' id='word_1_249' title='bbox 223 4449 255 4508; x_wconf 94' lang='lat' dir='ltr'><strong>in</strong></span> <span class='ocrx_word' id='word_1_250' title='bbox 277 4452 390 4526; x_wconf 88' lang='lat' dir='ltr'><strong>stylum</strong></span> <span class='ocrx_word' id='word_1_251' title='bbox 412 4437 626 4526; x_wconf 88' lang='lat' dir='ltr'><strong>correptiorem</strong></span> <span class='ocrx_word' id='word_1_252' title='bbox 649 4450 844 4511; x_wconf 90' lang='lat' dir='ltr'><strong>contraxisse.</strong></span> 
     </span>
    </p>
   </div>
   <div class='ocr_carea' id='block_1_9' title="bbox 0 0 1577 5070">
    <p class='ocr_par' dir='ltr' id='par_1_10' title="bbox 0 0 1577 5070">
     <span class='ocr_line' id='line_1_34' title="bbox 0 0 1577 5070; baseline 0 0"><span class='ocrx_word' id='word_1_253' title='bbox 0 0 1577 5070; x_wconf 95' lang='lat' dir='ltr'><strong> </strong></span> 
     </span>
    </p>
   </div>
  </div>
 </body>
</html>
