<?xml version="1.0" encoding="UTF-8"?>
<!DOCTYPE html PUBLIC "-//W3C//DTD XHTML 1.0 Transitional//EN"
    "http://www.w3.org/TR/xhtml1/DTD/xhtml1-transitional.dtd">
<html xmlns="http://www.w3.org/1999/xhtml" xml:lang="en" lang="en">
 <head>
  <title>
</title>
<meta http-equiv="Content-Type" content="text/html;charset=utf-8" />
  <meta name='ocr-system' content='tesseract 3.04.00' />
  <meta name='ocr-capabilities' content='ocr_page ocr_carea ocr_par ocr_line ocrx_word'/>
</head>
<body>
  <div class='ocr_page' id='page_1' title='image "./adspinozaeopera00leopgoog_0072.png"; bbox 0 0 3120 5070; ppageno 0'>
   <div class='ocr_carea' id='block_1_1' title="bbox 755 498 794 574">
    <p class='ocr_par' dir='ltr' id='par_1_1' title="bbox 755 498 794 574">
     <span class='ocr_line' id='line_1_1' title="bbox 755 498 794 574; baseline 0 -23"><span class='ocrx_word' id='word_1_1' title='bbox 755 498 794 574; x_wconf 81' lang='lat'>51</span> 
     </span>
    </p>
   </div>
   <div class='ocr_carea' id='block_1_2' title="bbox 184 701 1412 1867">
    <p class='ocr_par' dir='ltr' id='par_1_2' title="bbox 184 701 1412 1867">
     <span class='ocr_line' id='line_1_2' title="bbox 185 701 1363 794; baseline 0.006 -24"><span class='ocrx_word' id='word_1_2' title='bbox 185 701 261 770; x_wconf 92' lang='lat' dir='ltr'>iam</span> <span class='ocrx_word' id='word_1_3' title='bbox 288 701 437 794; x_wconf 79' lang='lat' dir='ltr'><strong>egimus</strong></span> <span class='ocrx_word' id='word_1_4' title='bbox 464 702 502 771; x_wconf 90' lang='lat' dir='ltr'>in</span> <span class='ocrx_word' id='word_1_5' title='bbox 529 701 810 794; x_wconf 89' lang='lat' dir='ltr'>superioribus,</span> <span class='ocrx_word' id='word_1_6' title='bbox 833 725 921 774; x_wconf 90' lang='lat' dir='ltr'>cum</span> <span class='ocrx_word' id='word_1_7' title='bbox 944 701 1016 774; x_wconf 88' lang='lat' dir='ltr'>Ed.</span> <span class='ocrx_word' id='word_1_8' title='bbox 1038 703 1164 775; x_wconf 89' lang='lat' dir='ltr'>Princ.</span> <span class='ocrx_word' id='word_1_9' title='bbox 1185 703 1363 777; x_wconf 91' lang='lat' dir='ltr'>turbatae</span> 
     </span>
     <span class='ocr_line' id='line_1_3' title="bbox 184 833 1364 930; baseline 0.004 -26"><span class='ocrx_word' id='word_1_10' title='bbox 184 833 379 905; x_wconf 91' lang='lat' dir='ltr'>interdum</span> <span class='ocrx_word' id='word_1_11' title='bbox 407 833 666 907; x_wconf 90' lang='lat' dir='ltr'>distinctionis</span> <span class='ocrx_word' id='word_1_12' title='bbox 692 857 855 930; x_wconf 85' lang='lat' dir='ltr'>arguere</span> <span class='ocrx_word' id='word_1_13' title='bbox 883 837 1012 907; x_wconf 91' lang='lat' dir='ltr'>conati</span> <span class='ocrx_word' id='word_1_14' title='bbox 1034 860 1185 929; x_wconf 87' lang='lat' dir='ltr'>sumus,</span> <span class='ocrx_word' id='word_1_15' title='bbox 1209 849 1249 908; x_wconf 90' lang='lat' dir='ltr'>et</span> <span class='ocrx_word' id='word_1_16' title='bbox 1271 837 1364 910; x_wconf 90' lang='lat' dir='ltr'>vidi-</span> 
     </span>
     <span class='ocr_line' id='line_1_4' title="bbox 185 966 1412 1072; baseline 0.004 -34"><span class='ocrx_word' id='word_1_17' title='bbox 185 992 270 1039; x_wconf 90' lang='lat' dir='ltr'>mus</span> <span class='ocrx_word' id='word_1_18' title='bbox 310 991 388 1039; x_wconf 91' lang='lat' dir='ltr'>non</span> <span class='ocrx_word' id='word_1_19' title='bbox 427 966 567 1040; x_wconf 88' lang='lat' dir='ltr'>deesse</span> <span class='ocrx_word' id='word_1_20' title='bbox 607 968 734 1060; x_wconf 92' lang='lat' dir='ltr'>locos,</span> <span class='ocrx_word' id='word_1_21' title='bbox 774 967 839 1040; x_wconf 91' lang='lat' dir='ltr'>ubi</span> <span class='ocrx_word' id='word_1_22' title='bbox 876 967 943 1041; x_wconf 91' lang='lat' dir='ltr'>Vs.</span> <span class='ocrx_word' id='word_1_23' title='bbox 983 968 1044 1062; x_wconf 91' lang='lat' dir='ltr'>B.,</span> <span class='ocrx_word' id='word_1_24' title='bbox 1085 972 1228 1064; x_wconf 90' lang='lat' dir='ltr'>quippe</span> <span class='ocrx_word' id='word_1_25' title='bbox 1264 994 1362 1065; x_wconf 89' lang='lat' dir='ltr'>quae</span> <span class='ocrx_word' id='word_1_26' title='bbox 1410 1068 1412 1072; x_wconf 79' lang='lat'>.</span> 
     </span>
     <span class='ocr_line' id='line_1_5' title="bbox 186 1101 1362 1197; baseline 0.004 -26"><span class='ocrx_word' id='word_1_27' title='bbox 186 1101 322 1173; x_wconf 91' lang='lat' dir='ltr'>melius</span> <span class='ocrx_word' id='word_1_28' title='bbox 350 1103 584 1174; x_wconf 78' lang='lat' dir='ltr'>sententiam</span> <span class='ocrx_word' id='word_1_29' title='bbox 611 1101 846 1174; x_wconf 83' lang='lat' dir='ltr'>intellexerit</span> <span class='ocrx_word' id='word_1_30' title='bbox 871 1113 913 1174; x_wconf 93' lang='lat' dir='ltr'>et</span> <span class='ocrx_word' id='word_1_31' title='bbox 936 1102 1099 1195; x_wconf 91' lang='lat' dir='ltr'>proinde</span> <span class='ocrx_word' id='word_1_32' title='bbox 1122 1102 1362 1197; x_wconf 88' lang='lat' dir='ltr'>distinxerit,</span> 
     </span>
     <span class='ocr_line' id='line_1_6' title="bbox 186 1233 1366 1331; baseline 0.003 -26"><span class='ocrx_word' id='word_1_33' title='bbox 186 1236 342 1329; x_wconf 85' lang='lat' dir='ltr'>egregie</span> <span class='ocrx_word' id='word_1_34' title='bbox 363 1233 536 1307; x_wconf 91' lang='lat' dir='ltr'>adhiberi</span> <span class='ocrx_word' id='word_1_35' title='bbox 558 1237 682 1329; x_wconf 91' lang='lat' dir='ltr'>possit</span> <span class='ocrx_word' id='word_1_36' title='bbox 703 1234 753 1306; x_wconf 89' lang='lat' dir='ltr'>ad</span> <span class='ocrx_word' id='word_1_37' title='bbox 774 1234 846 1307; x_wconf 89' lang='lat' dir='ltr'>Ed.</span> <span class='ocrx_word' id='word_1_38' title='bbox 868 1235 930 1307; x_wconf 89' lang='lat' dir='ltr'>Pr.</span> <span class='ocrx_word' id='word_1_39' title='bbox 953 1236 1247 1311; x_wconf 88' lang='lat' dir='ltr'>emendandam.</span> <span class='ocrx_word' id='word_1_40' title='bbox 1273 1238 1366 1331; x_wconf 82' lang='lat' dir='ltr'>Qui-</span> 
     </span>
     <span class='ocr_line' id='line_1_7' title="bbox 186 1367 1364 1464; baseline 0.003 -24"><span class='ocrx_word' id='word_1_41' title='bbox 186 1368 258 1441; x_wconf 91' lang='lat' dir='ltr'>bus</span> <span class='ocrx_word' id='word_1_42' title='bbox 297 1367 388 1440; x_wconf 91' lang='lat' dir='ltr'>addi</span> <span class='ocrx_word' id='word_1_43' title='bbox 427 1379 560 1462; x_wconf 93' lang='lat' dir='ltr'>potest</span> <span class='ocrx_word' id='word_1_44' title='bbox 597 1391 660 1440; x_wconf 94' lang='lat' dir='ltr'>ex.</span> <span class='ocrx_word' id='word_1_45' title='bbox 695 1390 750 1462; x_wconf 88' lang='lat' dir='ltr'>gr.</span> <span class='ocrx_word' id='word_1_46' title='bbox 785 1392 846 1462; x_wconf 92' lang='lat' dir='ltr'>ep.</span> <span class='ocrx_word' id='word_1_47' title='bbox 880 1367 990 1440; x_wconf 87' lang='lat' dir='ltr'>XXI:</span> <span class='ocrx_word' id='word_1_48' title='bbox 1028 1381 1244 1464; x_wconf 67' lang='lat' dir='ltr'>,quantum</span> <span class='ocrx_word' id='word_1_49' title='bbox 1271 1393 1364 1443; x_wconf 92' lang='lat' dir='ltr'>vero</span> 
     </span>
     <span class='ocr_line' id='line_1_8' title="bbox 188 1503 1365 1599; baseline 0.001 -26"><span class='ocrx_word' id='word_1_50' title='bbox 188 1504 361 1596; x_wconf 90' lang='lat' dir='ltr'>quintum</span> <span class='ocrx_word' id='word_1_51' title='bbox 395 1505 534 1574; x_wconf 90' lang='lat' dir='ltr'>attinet</span> <span class='ocrx_word' id='word_1_52' title='bbox 562 1515 832 1596; x_wconf 84' lang='lat' dir='ltr'>argumentum</span> <span class='ocrx_word' id='word_1_53' title='bbox 859 1503 1023 1599; x_wconf 82' lang='lat' dir='ltr'>(seilicet</span> <span class='ocrx_word' id='word_1_54' title='bbox 1048 1503 1265 1598; x_wconf 89' lang='lat' dir='ltr'>Prophetas</span> <span class='ocrx_word' id='word_1_55' title='bbox 1292 1503 1365 1575; x_wconf 91' lang='lat' dir='ltr'>Dei</span> 
     </span>
     <span class='ocr_line' id='line_1_9' title="bbox 187 1622 1366 1733; baseline 0.003 -26"><span class='ocrx_word' id='word_1_56' title='bbox 187 1637 359 1710; x_wconf 87' lang='lat' dir='ltr'>Verbum</span> <span class='ocrx_word' id='word_1_57' title='bbox 398 1638 464 1709; x_wconf 90' lang='lat' dir='ltr'>tali</span> <span class='ocrx_word' id='word_1_58' title='bbox 503 1640 653 1710; x_wconf 89' lang='lat' dir='ltr'>ratione</span> <span class='ocrx_word' id='word_1_59' title='bbox 692 1637 939 1711; x_wconf 85' lang='lat' dir='ltr'>manifestum</span> <span class='ocrx_word' id='word_1_60' title='bbox 978 1622 1137 1731; x_wconf 84' lang='lat' dir='ltr'>fecisse,</span> <span class='ocrx_word' id='word_1_61' title='bbox 1184 1641 1366 1733; x_wconf 91' lang='lat' dir='ltr'>quoniam</span> 
     </span>
     <span class='ocr_line' id='line_1_10' title="bbox 187 1770 1364 1867; baseline 0.002 -25"><span class='ocrx_word' id='word_1_62' title='bbox 187 1774 330 1844; x_wconf 86' lang='lat' dir='ltr'>veritas</span> <span class='ocrx_word' id='word_1_63' title='bbox 361 1773 514 1844; x_wconf 86' lang='lat' dir='ltr'>veritati</span> <span class='ocrx_word' id='word_1_64' title='bbox 548 1795 626 1844; x_wconf 91' lang='lat' dir='ltr'>non</span> <span class='ocrx_word' id='word_1_65' title='bbox 659 1782 719 1842; x_wconf 92' lang='lat' dir='ltr'>est</span> <span class='ocrx_word' id='word_1_66' title='bbox 745 1771 953 1867; x_wconf 90' lang='lat' dir='ltr'>contraria)</span> <span class='ocrx_word' id='word_1_67' title='bbox 982 1770 1072 1844; x_wconf 90' lang='lat' dir='ltr'>nihil</span> <span class='ocrx_word' id='word_1_68' title='bbox 1099 1771 1235 1866; x_wconf 90' lang='lat' dir='ltr'>reliqui</span> <span class='ocrx_word' id='word_1_69' title='bbox 1262 1784 1322 1844; x_wconf 92' lang='lat' dir='ltr'>est</span> <span class='ocrx_word' id='word_1_70' title='bbox 1333 1771 1364 1864; x_wconf 88' lang='lat'>,&#39;&#39;</span> 
     </span>
    </p>
   </div>
   <div class='ocr_carea' id='block_1_3' title="bbox 188 1881 1366 2000">
    <p class='ocr_par' dir='ltr' id='par_1_3' title="bbox 188 1881 1366 2000">
     <span class='ocr_line' id='line_1_11' title="bbox 188 1881 1366 2000; baseline -0.001 -24"><span class='ocrx_word' id='word_1_71' title='bbox 188 1917 384 2000; x_wconf 89' lang='lat' dir='ltr'>etqseqq.,</span> <span class='ocrx_word' id='word_1_72' title='bbox 420 1904 484 1976; x_wconf 94' lang='lat' dir='ltr'>ubi</span> <span class='ocrx_word' id='word_1_73' title='bbox 520 1905 692 1978; x_wconf 87' lang='lat' dir='ltr'>editores</span> <span class='ocrx_word' id='word_1_74' title='bbox 727 1907 839 1998; x_wconf 89' lang='lat' dir='ltr'>primi</span> <span class='ocrx_word' id='word_1_75' title='bbox 866 1904 1061 1978; x_wconf 89' lang='lat' dir='ltr'>cancellos</span> <span class='ocrx_word' id='word_1_76' title='bbox 1087 1928 1205 1999; x_wconf 90' lang='lat' dir='ltr'>prave</span> <span class='ocrx_word' id='word_1_77' title='bbox 1233 1881 1366 1998; x_wconf 68' lang='lat' dir='ltr'>appinss</span> 
     </span>
    </p>
   </div>
   <div class='ocr_carea' id='block_1_4' title="bbox 174 2036 1375 4538">
    <p class='ocr_par' dir='ltr' id='par_1_4' title="bbox 187 2036 1368 2535">
     <span class='ocr_line' id='line_1_12' title="bbox 187 2036 1366 2132; baseline 0.003 -25"><span class='ocrx_word' id='word_1_78' title='bbox 187 2041 293 2111; x_wconf 90' lang='lat' dir='ltr'>xisse</span> <span class='ocrx_word' id='word_1_79' title='bbox 326 2037 515 2130; x_wconf 89' lang='lat' dir='ltr'>videntur,</span> <span class='ocrx_word' id='word_1_80' title='bbox 551 2062 628 2132; x_wconf 93' lang='lat' dir='ltr'>quo</span> <span class='ocrx_word' id='word_1_81' title='bbox 663 2036 768 2110; x_wconf 87' lang='lat' dir='ltr'>sacto</span> <span class='ocrx_word' id='word_1_82' title='bbox 795 2050 902 2110; x_wconf 89' lang='lat' dir='ltr'>totus</span> <span class='ocrx_word' id='word_1_83' title='bbox 928 2038 1036 2111; x_wconf 92' lang='lat' dir='ltr'>locus</span> <span class='ocrx_word' id='word_1_84' title='bbox 1062 2038 1249 2130; x_wconf 90' lang='lat' dir='ltr'>turbatur,</span> <span class='ocrx_word' id='word_1_85' title='bbox 1278 2062 1366 2110; x_wconf 86' lang='lat' dir='ltr'>cum</span> 
     </span>
     <span class='ocr_line' id='line_1_13' title="bbox 188 2171 1368 2267; baseline -0.001 -23"><span class='ocrx_word' id='word_1_86' title='bbox 188 2184 228 2244; x_wconf 94' lang='lat' dir='ltr'>et</span> <span class='ocrx_word' id='word_1_87' title='bbox 267 2175 460 2244; x_wconf 90' lang='lat' dir='ltr'>sententia</span> <span class='ocrx_word' id='word_1_88' title='bbox 498 2175 582 2266; x_wconf 88' lang='lat' dir='ltr'>ipsa</span> <span class='ocrx_word' id='word_1_89' title='bbox 621 2184 661 2243; x_wconf 93' lang='lat' dir='ltr'>et</span> <span class='ocrx_word' id='word_1_90' title='bbox 699 2171 765 2244; x_wconf 99' lang='grc' dir='ltr'>νε.</span> <span class='ocrx_word' id='word_1_91' title='bbox 807 2172 866 2265; x_wconf 82' lang='grc' dir='ltr'>Β.,</span> <span class='ocrx_word' id='word_1_92' title='bbox 901 2195 1001 2267; x_wconf 89' lang='lat' dir='ltr'>quae</span> <span class='ocrx_word' id='word_1_93' title='bbox 1035 2172 1159 2244; x_wconf 94' lang='lat' dir='ltr'>nullos</span> <span class='ocrx_word' id='word_1_94' title='bbox 1191 2175 1368 2266; x_wconf 85' lang='lat' dir='ltr'>agnoscit</span> 
     </span>
     <span class='ocr_line' id='line_1_14' title="bbox 189 2305 1368 2400; baseline -0.001 -22"><span class='ocrx_word' id='word_1_95' title='bbox 189 2307 402 2398; x_wconf 89' lang='lat' dir='ltr'>cancellos,</span> <span class='ocrx_word' id='word_1_96' title='bbox 425 2305 632 2396; x_wconf 90' lang='lat' dir='ltr'>suadeant,</span> <span class='ocrx_word' id='word_1_97' title='bbox 655 2317 698 2376; x_wconf 93' lang='lat' dir='ltr'>ut</span> <span class='ocrx_word' id='word_1_98' title='bbox 722 2307 830 2400; x_wconf 85' lang='lat' dir='ltr'>signa</span> <span class='ocrx_word' id='word_1_99' title='bbox 850 2305 912 2376; x_wconf 92' lang='lat' dir='ltr'>illa</span> <span class='ocrx_word' id='word_1_100' title='bbox 934 2317 1000 2377; x_wconf 91' lang='lat' dir='ltr'>aut</span> <span class='ocrx_word' id='word_1_101' title='bbox 1022 2307 1179 2379; x_wconf 91' lang='lat' dir='ltr'>omnino</span> <span class='ocrx_word' id='word_1_102' title='bbox 1201 2305 1368 2378; x_wconf 88' lang='lat' dir='ltr'>abician-</span> 
     </span>
     <span class='ocr_line' id='line_1_15' title="bbox 188 2437 1170 2535; baseline -0.001 -23"><span class='ocrx_word' id='word_1_103' title='bbox 188 2452 251 2513; x_wconf 92' lang='lat' dir='ltr'>tur</span> <span class='ocrx_word' id='word_1_104' title='bbox 277 2453 343 2512; x_wconf 91' lang='lat' dir='ltr'>aut</span> <span class='ocrx_word' id='word_1_105' title='bbox 368 2451 459 2535; x_wconf 93' lang='lat' dir='ltr'>post</span> <span class='ocrx_word' id='word_1_106' title='bbox 486 2439 707 2535; x_wconf 86' lang='lat' dir='ltr'>‚‚feeisse)&#39;’</span> <span class='ocrx_word' id='word_1_107' title='bbox 736 2437 890 2510; x_wconf 90' lang='lat' dir='ltr'>finiatur</span> <span class='ocrx_word' id='word_1_108' title='bbox 915 2439 1170 2533; x_wconf 87' lang='lat' dir='ltr'>parenthesis.</span> 
     </span>
    </p>

    <p class='ocr_par' dir='ltr' id='par_1_5' title="bbox 174 2573 1375 4538">
     <span class='ocr_line' id='line_1_16' title="bbox 238 2573 1369 2668; baseline 0 -22"><span class='ocrx_word' id='word_1_109' title='bbox 238 2575 360 2646; x_wconf 90' lang='lat' dir='ltr'>Porro</span> <span class='ocrx_word' id='word_1_110' title='bbox 383 2575 422 2645; x_wconf 93' lang='lat' dir='ltr'>in</span> <span class='ocrx_word' id='word_1_111' title='bbox 442 2573 508 2646; x_wconf 95' lang='grc' dir='ltr'>νε.</span> <span class='ocrx_word' id='word_1_112' title='bbox 530 2573 571 2645; x_wconf 91' lang='grc' dir='ltr'>Β.</span> <span class='ocrx_word' id='word_1_113' title='bbox 588 2575 731 2667; x_wconf 91' lang='lat' dir='ltr'>passim</span> <span class='ocrx_word' id='word_1_114' title='bbox 747 2574 914 2666; x_wconf 89' lang='lat' dir='ltr'>alineae,</span> <span class='ocrx_word' id='word_1_115' title='bbox 938 2596 1037 2668; x_wconf 90' lang='lat' dir='ltr'>quae</span> <span class='ocrx_word' id='word_1_116' title='bbox 1052 2573 1242 2667; x_wconf 88' lang='lat' dir='ltr'>dicuntur,</span> <span class='ocrx_word' id='word_1_117' title='bbox 1258 2573 1369 2647; x_wconf 91' lang='lat' dir='ltr'>aliter</span> 
     </span>
     <span class='ocr_line' id='line_1_17' title="bbox 189 2707 1370 2803; baseline 0.001 -23"><span class='ocrx_word' id='word_1_118' title='bbox 189 2720 306 2803; x_wconf 87' lang='lat' dir='ltr'>atque</span> <span class='ocrx_word' id='word_1_119' title='bbox 347 2710 384 2778; x_wconf 92' lang='lat' dir='ltr'>in</span> <span class='ocrx_word' id='word_1_120' title='bbox 422 2707 495 2780; x_wconf 88' lang='lat' dir='ltr'>Ed.</span> <span class='ocrx_word' id='word_1_121' title='bbox 528 2707 589 2779; x_wconf 91' lang='lat' dir='ltr'>Pr.</span> <span class='ocrx_word' id='word_1_122' title='bbox 625 2707 837 2801; x_wconf 91' lang='lat' dir='ltr'>dispositae</span> <span class='ocrx_word' id='word_1_123' title='bbox 872 2709 1118 2780; x_wconf 90' lang='lat' dir='ltr'>inveniuntur</span> <span class='ocrx_word' id='word_1_124' title='bbox 1128 2736 1136 2801; x_wconf 81' lang='lat'><em>3</em></span> <span class='ocrx_word' id='word_1_125' title='bbox 1171 2731 1271 2802; x_wconf 90' lang='lat' dir='ltr'>quae</span> <span class='ocrx_word' id='word_1_126' title='bbox 1305 2732 1370 2781; x_wconf 92' lang='lat' dir='ltr'>res</span> 
     </span>
     <span class='ocr_line' id='line_1_18' title="bbox 189 2840 1367 2937; baseline -0.001 -23"><span class='ocrx_word' id='word_1_127' title='bbox 189 2853 375 2937; x_wconf 90' lang='lat' dir='ltr'>quantum</span> <span class='ocrx_word' id='word_1_128' title='bbox 398 2840 574 2914; x_wconf 85' lang='lat' dir='ltr'>conferat</span> <span class='ocrx_word' id='word_1_129' title='bbox 597 2841 646 2912; x_wconf 90' lang='lat' dir='ltr'>ad</span> <span class='ocrx_word' id='word_1_130' title='bbox 669 2844 901 2914; x_wconf 90' lang='lat' dir='ltr'>sententiam</span> <span class='ocrx_word' id='word_1_131' title='bbox 922 2854 1030 2914; x_wconf 91' lang='lat' dir='ltr'>recte</span> <span class='ocrx_word' id='word_1_132' title='bbox 1049 2841 1367 2937; x_wconf 83' lang='lat' dir='ltr'>intellegendam,</span> 
     </span>
     <span class='ocr_line' id='line_1_19' title="bbox 189 2972 1368 3069; baseline 0.001 -22"><span class='ocrx_word' id='word_1_133' title='bbox 189 2976 376 3068; x_wconf 92' lang='lat' dir='ltr'>imprimis</span> <span class='ocrx_word' id='word_1_134' title='bbox 390 2976 428 3043; x_wconf 92' lang='lat' dir='ltr'>in</span> <span class='ocrx_word' id='word_1_135' title='bbox 441 2984 611 3044; x_wconf 90' lang='lat' dir='ltr'>tractatu</span> <span class='ocrx_word' id='word_1_136' title='bbox 625 2972 675 3044; x_wconf 93' lang='lat' dir='ltr'>de</span> <span class='ocrx_word' id='word_1_137' title='bbox 689 2975 755 3044; x_wconf 94' lang='lat' dir='ltr'>int.</span> <span class='ocrx_word' id='word_1_138' title='bbox 772 2996 862 3065; x_wconf 87' lang='lat' dir='ltr'>em,</span> <span class='ocrx_word' id='word_1_139' title='bbox 887 2977 951 3067; x_wconf 92' lang='lat' dir='ltr'>qui</span> <span class='ocrx_word' id='word_1_140' title='bbox 965 2998 1042 3047; x_wconf 94' lang='lat' dir='ltr'>uno</span> <span class='ocrx_word' id='word_1_141' title='bbox 1052 2982 1194 3047; x_wconf 82' lang='lat' dir='ltr'>&#39;tenore</span> <span class='ocrx_word' id='word_1_142' title='bbox 1209 2998 1368 3069; x_wconf 84' lang='lat' dir='ltr'>expres-</span> 
     </span>
     <span class='ocr_line' id='line_1_20' title="bbox 191 3103 1368 3200; baseline 0 -20"><span class='ocrx_word' id='word_1_143' title='bbox 191 3132 256 3181; x_wconf 92' lang='lat' dir='ltr'>sus</span> <span class='ocrx_word' id='word_1_144' title='bbox 284 3104 422 3196; x_wconf 89' lang='lat' dir='ltr'>editur,</span> <span class='ocrx_word' id='word_1_145' title='bbox 451 3107 643 3175; x_wconf 90' lang='lat' dir='ltr'>neminem</span> <span class='ocrx_word' id='word_1_146' title='bbox 671 3103 778 3197; x_wconf 85' lang='lat' dir='ltr'>fugit.</span> <span class='ocrx_word' id='word_1_147' title='bbox 807 3104 864 3176; x_wconf 84' lang='lat' dir='ltr'>cf.</span> <span class='ocrx_word' id='word_1_148' title='bbox 893 3128 956 3177; x_wconf 92' lang='lat' dir='ltr'>ex.</span> <span class='ocrx_word' id='word_1_149' title='bbox 982 3128 1038 3200; x_wconf 83' lang='lat' dir='ltr'>gr.</span> <span class='ocrx_word' id='word_1_150' title='bbox 1067 3106 1115 3179; x_wconf 93' lang='lat' dir='ltr'>de</span> <span class='ocrx_word' id='word_1_151' title='bbox 1140 3110 1205 3179; x_wconf 91' lang='lat' dir='ltr'>int.</span> <span class='ocrx_word' id='word_1_152' title='bbox 1230 3131 1303 3179; x_wconf 93' lang='lat' dir='ltr'>em.</span> <span class='ocrx_word' id='word_1_153' title='bbox 1327 3109 1368 3200; x_wconf 90' lang='lat'>8,</span> 
     </span>
     <span class='ocr_line' id='line_1_21' title="bbox 190 3235 1369 3334; baseline 0.001 -21"><span class='ocrx_word' id='word_1_154' title='bbox 190 3241 256 3313; x_wconf 90' lang='lat' dir='ltr'>ubi</span> <span class='ocrx_word' id='word_1_155' title='bbox 284 3237 351 3311; x_wconf 91' lang='grc' dir='ltr'>νε.</span> <span class='ocrx_word' id='word_1_156' title='bbox 378 3237 419 3309; x_wconf 90' lang='grc' dir='ltr'>Β.</span> <span class='ocrx_word' id='word_1_157' title='bbox 447 3236 588 3308; x_wconf 92' lang='lat' dir='ltr'>nullam</span> <span class='ocrx_word' id='word_1_158' title='bbox 614 3235 773 3308; x_wconf 92' lang='lat' dir='ltr'>exhibet</span> <span class='ocrx_word' id='word_1_159' title='bbox 800 3235 983 3331; x_wconf 75' lang='lat' dir='ltr'>alineam,</span> <span class='ocrx_word' id='word_1_160' title='bbox 1013 3238 1092 3310; x_wconf 90' lang='lat' dir='ltr'>ibid</span> <span class='ocrx_word' id='word_1_161' title='bbox 1118 3258 1185 3332; x_wconf 85' lang='lat'>30,</span> <span class='ocrx_word' id='word_1_162' title='bbox 1212 3240 1277 3312; x_wconf 90' lang='lat' dir='ltr'>ubi</span> <span class='ocrx_word' id='word_1_163' title='bbox 1299 3264 1369 3334; x_wconf 90' lang='lat' dir='ltr'>pro</span> 
     </span>
     <span class='ocr_line' id='line_1_22' title="bbox 191 3369 1368 3470; baseline -0.003 -24"><span class='ocrx_word' id='word_1_164' title='bbox 191 3375 317 3447; x_wconf 90' lang='lat' dir='ltr'>alinea</span> <span class='ocrx_word' id='word_1_165' title='bbox 332 3371 423 3444; x_wconf 89' lang='lat' dir='ltr'>talia</span> <span class='ocrx_word' id='word_1_166' title='bbox 437 3395 514 3443; x_wconf 91' lang='lat' dir='ltr'>uno</span> <span class='ocrx_word' id='word_1_167' title='bbox 528 3382 665 3443; x_wconf 91' lang='lat' dir='ltr'>tenore</span> <span class='ocrx_word' id='word_1_168' title='bbox 680 3369 857 3462; x_wconf 90' lang='lat' dir='ltr'>exhibet,</span> <span class='ocrx_word' id='word_1_169' title='bbox 881 3369 1029 3466; x_wconf 89' lang='lat' dir='ltr'>(addito</span> <span class='ocrx_word' id='word_1_170' title='bbox 1045 3371 1108 3443; x_wconf 94' lang='lat' dir='ltr'>illo</span> <span class='ocrx_word' id='word_1_171' title='bbox 1129 3372 1230 3464; x_wconf 90' lang='lat' dir='ltr'>„hoc</span> <span class='ocrx_word' id='word_1_172' title='bbox 1246 3373 1368 3470; x_wconf 85' lang='lat' dir='ltr'>est‘’):</span> 
     </span>
     <span class='ocr_line' id='line_1_23' title="bbox 192 3503 1370 3602; baseline 0 -21"><span class='ocrx_word' id='word_1_173' title='bbox 192 3508 413 3602; x_wconf 88' lang='lat' dir='ltr'>„simulque</span> <span class='ocrx_word' id='word_1_174' title='bbox 436 3519 482 3598; x_wconf 92' lang='lat' dir='ltr'>ut</span> <span class='ocrx_word' id='word_1_175' title='bbox 509 3505 583 3577; x_wconf 91' lang='lat' dir='ltr'>hoc</span> <span class='ocrx_word' id='word_1_176' title='bbox 611 3528 726 3599; x_wconf 92' lang='lat' dir='ltr'>quam</span> <span class='ocrx_word' id='word_1_177' title='bbox 748 3504 1027 3598; x_wconf 90' lang='lat' dir='ltr'>compendiose</span> <span class='ocrx_word' id='word_1_178' title='bbox 1041 3503 1126 3596; x_wconf 89' lang='lat' dir='ltr'>fiat,</span> <span class='ocrx_word' id='word_1_179' title='bbox 1151 3507 1370 3582; x_wconf 86' lang='lat' dir='ltr'>curabimus</span> 
     </span>
     <span class='ocr_line' id='line_1_24' title="bbox 190 3640 1369 3737; baseline -0.002 -22"><span class='ocrx_word' id='word_1_180' title='bbox 190 3644 409 3737; x_wconf 89' lang='lat' dir='ltr'>explicare,</span> <span class='ocrx_word' id='word_1_181' title='bbox 449 3642 522 3713; x_wconf 91' lang='lat' dir='ltr'>hoc</span> <span class='ocrx_word' id='word_1_182' title='bbox 563 3651 641 3712; x_wconf 94' lang='lat' dir='ltr'>est:</span> <span class='ocrx_word' id='word_1_183' title='bbox 682 3652 888 3734; x_wconf 91' lang='lat' dir='ltr'>postquam</span> <span class='ocrx_word' id='word_1_184' title='bbox 921 3641 1113 3732; x_wconf 92' lang='lat' dir='ltr'>novimus,</span> <span class='ocrx_word' id='word_1_185' title='bbox 1150 3640 1369 3734; x_wconf 85' lang='lat' dir='ltr'>quaenam”</span> 
     </span>
     <span class='ocr_line' id='line_1_25' title="bbox 190 3772 1371 3872; baseline 0 -24"><span class='ocrx_word' id='word_1_186' title='bbox 190 3788 367 3872; x_wconf 92' lang='lat' dir='ltr'>etqseqq.</span> <span class='ocrx_word' id='word_1_187' title='bbox 394 3774 547 3847; x_wconf 89' lang='lat' dir='ltr'>Deinde</span> <span class='ocrx_word' id='word_1_188' title='bbox 573 3774 645 3868; x_wconf 88' lang='lat' dir='ltr'>Ep.</span> <span class='ocrx_word' id='word_1_189' title='bbox 669 3772 792 3866; x_wconf 90' lang='lat' dir='ltr'>XLII,</span> <span class='ocrx_word' id='word_1_190' title='bbox 815 3772 880 3845; x_wconf 91' lang='lat' dir='ltr'>ubi</span> <span class='ocrx_word' id='word_1_191' title='bbox 893 3797 971 3846; x_wconf 92' lang='lat' dir='ltr'>uno</span> <span class='ocrx_word' id='word_1_192' title='bbox 985 3785 1123 3845; x_wconf 91' lang='lat' dir='ltr'>tenore</span> <span class='ocrx_word' id='word_1_193' title='bbox 1137 3773 1203 3845; x_wconf 90' lang='grc' dir='ltr'>νε.</span> <span class='ocrx_word' id='word_1_194' title='bbox 1219 3774 1258 3845; x_wconf 86' lang='grc' dir='ltr'>Β.</span> <span class='ocrx_word' id='word_1_195' title='bbox 1274 3775 1371 3848; x_wconf 94' lang='lat' dir='ltr'>haec</span> 
     </span>
     <span class='ocr_line' id='line_1_26' title="bbox 191 3906 1373 4004; baseline -0.002 -21"><span class='ocrx_word' id='word_1_196' title='bbox 191 3911 329 3984; x_wconf 87' lang='lat' dir='ltr'>habet:</span> <span class='ocrx_word' id='word_1_197' title='bbox 353 3932 497 4004; x_wconf 92' lang='lat' dir='ltr'>„quam</span> <span class='ocrx_word' id='word_1_198' title='bbox 518 3919 561 3980; x_wconf 91' lang='lat' dir='ltr'>ut</span> <span class='ocrx_word' id='word_1_199' title='bbox 583 3907 667 3980; x_wconf 89' lang='lat' dir='ltr'>fieri</span> <span class='ocrx_word' id='word_1_200' title='bbox 689 3930 767 3979; x_wconf 92' lang='lat' dir='ltr'>non</span> <span class='ocrx_word' id='word_1_201' title='bbox 790 3909 934 4000; x_wconf 87' lang='lat' dir='ltr'>possit,</span> <span class='ocrx_word' id='word_1_202' title='bbox 958 3919 1000 3979; x_wconf 90' lang='lat' dir='ltr'>ut</span> <span class='ocrx_word' id='word_1_203' title='bbox 1019 3909 1058 3978; x_wconf 92' lang='lat' dir='ltr'>in</span> <span class='ocrx_word' id='word_1_204' title='bbox 1078 3906 1269 4001; x_wconf 86' lang='lat' dir='ltr'>triangulo</span> <span class='ocrx_word' id='word_1_205' title='bbox 1291 3919 1373 3981; x_wconf 92' lang='lat' dir='ltr'>tres</span> 
     </span>
     <span class='ocr_line' id='line_1_27' title="bbox 176 4039 1375 4140; baseline 0.002 -29"><span class='ocrx_word' id='word_1_206' title='bbox 176 4044 319 4140; x_wconf 85' lang='lat' dir='ltr'>anguli</span> <span class='ocrx_word' id='word_1_207' title='bbox 353 4067 431 4116; x_wconf 91' lang='lat' dir='ltr'>non</span> <span class='ocrx_word' id='word_1_208' title='bbox 467 4044 542 4115; x_wconf 93' lang='lat' dir='ltr'>sint</span> <span class='ocrx_word' id='word_1_209' title='bbox 574 4042 758 4136; x_wconf 88' lang='lat' dir='ltr'>aequales</span> <span class='ocrx_word' id='word_1_210' title='bbox 792 4039 947 4114; x_wconf 90' lang='lat' dir='ltr'>duobus</span> <span class='ocrx_word' id='word_1_211' title='bbox 978 4042 1114 4133; x_wconf 89' lang='lat' dir='ltr'>rectis,</span> <span class='ocrx_word' id='word_1_212' title='bbox 1142 4039 1268 4112; x_wconf 93' lang='lat' dir='ltr'>Deum</span> <span class='ocrx_word' id='word_1_213' title='bbox 1297 4064 1375 4113; x_wconf 91' lang='lat' dir='ltr'>non</span> 
     </span>
     <span class='ocr_line' id='line_1_28' title="bbox 191 4172 1372 4273; baseline -0.005 -22"><span class='ocrx_word' id='word_1_214' title='bbox 191 4202 311 4273; x_wconf 90' lang='lat' dir='ltr'>posse</span> <span class='ocrx_word' id='word_1_215' title='bbox 337 4176 524 4249; x_wconf 86' lang='lat' dir='ltr'>efficere’&#39;</span> <span class='ocrx_word' id='word_1_216' title='bbox 553 4187 752 4270; x_wconf 89' lang='lat' dir='ltr'>etqseqq.,</span> <span class='ocrx_word' id='word_1_217' title='bbox 779 4197 878 4269; x_wconf 91' lang='lat' dir='ltr'>quae</span> <span class='ocrx_word' id='word_1_218' title='bbox 906 4175 1018 4245; x_wconf 90' lang='lat' dir='ltr'>unice</span> <span class='ocrx_word' id='word_1_219' title='bbox 1046 4186 1155 4268; x_wconf 89' lang='lat' dir='ltr'>recta</span> <span class='ocrx_word' id='word_1_220' title='bbox 1181 4172 1372 4266; x_wconf 89' lang='lat' dir='ltr'>videntur,</span> 
     </span>
     <span class='ocr_line' id='line_1_29' title="bbox 193 4306 1373 4404; baseline -0.003 -21"><span class='ocrx_word' id='word_1_221' title='bbox 193 4335 282 4383; x_wconf 92' lang='lat' dir='ltr'>cum</span> <span class='ocrx_word' id='word_1_222' title='bbox 304 4313 360 4384; x_wconf 89' lang='lat' dir='ltr'>sic</span> <span class='ocrx_word' id='word_1_223' title='bbox 384 4311 596 4403; x_wconf 90' lang='lat' dir='ltr'>sententia,</span> <span class='ocrx_word' id='word_1_224' title='bbox 618 4333 733 4404; x_wconf 91' lang='lat' dir='ltr'>quam</span> <span class='ocrx_word' id='word_1_225' title='bbox 755 4307 855 4380; x_wconf 86' lang='lat' dir='ltr'>Edd.</span> <span class='ocrx_word' id='word_1_226' title='bbox 876 4307 993 4379; x_wconf 91' lang='lat' dir='ltr'>Primi</span> <span class='ocrx_word' id='word_1_227' title='bbox 1016 4306 1180 4379; x_wconf 92' lang='lat' dir='ltr'>alineam</span> <span class='ocrx_word' id='word_1_228' title='bbox 1202 4309 1373 4401; x_wconf 93' lang='lat' dir='ltr'>interpo-</span> 
     </span>
     <span class='ocr_line' id='line_1_30' title="bbox 174 4441 1374 4538; baseline -0.003 -21"><span class='ocrx_word' id='word_1_229' title='bbox 174 4492 176 4497; x_wconf 92' lang='lat'><em>-</em></span> <span class='ocrx_word' id='word_1_230' title='bbox 192 4444 323 4517; x_wconf 88' lang='lat' dir='ltr'>nendo</span> <span class='ocrx_word' id='word_1_231' title='bbox 338 4444 608 4537; x_wconf 84' lang='lat' dir='ltr'>turbaverunt,</span> <span class='ocrx_word' id='word_1_232' title='bbox 628 4446 667 4516; x_wconf 88' lang='lat' dir='ltr'>in</span> <span class='ocrx_word' id='word_1_233' title='bbox 681 4445 872 4538; x_wconf 85' lang='lat' dir='ltr'>integrum</span> <span class='ocrx_word' id='word_1_234' title='bbox 885 4444 1121 4515; x_wconf 90' lang='lat' dir='ltr'>restituatur.</span> <span class='ocrx_word' id='word_1_235' title='bbox 1136 4441 1228 4513; x_wconf 93' lang='lat' dir='ltr'>lbid.</span> <span class='ocrx_word' id='word_1_236' title='bbox 1244 4441 1374 4535; x_wconf 92' lang='lat' dir='ltr'>paullo</span> 
     </span>
    </p>
   </div>
   <div class='ocr_carea' id='block_1_5' title="bbox 0 0 1575 5070">
    <p class='ocr_par' dir='ltr' id='par_1_6' title="bbox 0 0 1575 5070">
     <span class='ocr_line' id='line_1_31' title="bbox 0 0 1575 5070; baseline 0 0"><span class='ocrx_word' id='word_1_237' title='bbox 0 0 1575 5070; x_wconf 95' lang='lat' dir='ltr'> </span> 
     </span>
    </p>
   </div>
  </div>
 </body>
</html>
