3120 5070
785 446 830 514 62

220 691 312 740 usos
339 690 427 740 esse
453 678 660 760 appareat,
689 668 742 737 ita
768 678 811 738 ut
835 668 950 738 etiam
973 668 1011 737 in
1034 666 1284 759 epistularum
1307 690 1399 739 con·

221 813 329 874 textu
356 801 631 873 constituendo
658 800 773 873 ambo
801 803 945 894 pariter
970 801 1178 873 adhibendi
1205 804 1291 874 sint.

270 935 403 1007 Paullo
442 934 554 1007 aliter
592 959 655 1008 res
692 957 779 1007 sese
805 934 922 1006 habet
948 937 1057 1008 iniis
1083 935 1276 1028 epistulis,
1304 959 1400 1030 quas

223 1070 391 1163 Spinoza
413 1069 541 1164 lingua
564 1068 720 1162 Belgica
741 1070 991 1161 conscripsit,
1014 1068 1104 1140 dein
1117 1069 1258 1140 Latine
1272 1072 1399 1142 vertit.

223 1204 263 1274 In
289 1203 347 1275 his
374 1205 476 1275 enim
503 1201 668 1274 edendis
694 1203 948 1294 interpretem
974 1202 1187 1297 Belgicum,
1209 1206 1262 1275 ita
1275 1215 1318 1275 ut
1331 1227 1401 1298 par

209 1347 326 1428 erat,
350 1335 662 1430 frequentissime
685 1334 876 1428 Spinozae
900 1335 1140 1430 autographa
1153 1336 1400 1429 Hollandica,

223 1473 346 1542 rarius
385 1472 467 1541 eius
506 1471 725 1541 versionem
759 1467 937 1540 Latinam
972 1471 1193 1563 respexisse
1226 1484 1399 1565 apparet.

223 1603 416 1697 Exemplo
445 1603 736 1696 sint'epistulae
764 1602 813 1674 ad
843 1602 1087 1698 Blyenbergh
1113 1603 1248 1676 datae:
1269 1581 1399 1699 XIX,

224 1736 365 1828 XXIII,
403 1735 583 1829 XXVII,
604 1760 765 1830 quarum
800 1737 1041 1831 autographa
1067 1737 1222 1832 Belgica
1248 1750 1402 1811 servata

211 1883 264 1941 et
299 1873 337 1941 in
372 1869 544 1942 editIone
569 1870 733 1965 Hagana
758 1871 862 1964 typis
888 1893 1078 1964 expressa
1105 1882 1204 1943 sunt.
1233 1872 1343 1965 Quae
1371 1875 1402 1946 si

224 2029 313 2076 cum
352 2003 417 2077 Vs.
457 2004 497 2076 B.
538 2015 579 2101 et
617 2002 689 2075 Ed.
728 2003 788 2075 Pr.
825 2027 1115 2097 comparamus,
1142 2007 1403 2098 comperimus

225 2138 291 2210 Vs.
331 2139 372 2210 B.
413 2141 568 2233 saepius
607 2163 696 2210 cum
731 2137 973 2232 autographo
1006 2139 1231 2232 conspirare
1266 2150 1402 2211 contra

225 2270 297 2342 Ed.
325 2271 385 2343 Pr.
415 2271 531 2343 Velut
559 2295 619 2366 ep.
649 2271 759 2363 XIX,
787 2271 852 2343 ubi
878 2283 1027 2366 autogr.
1056 2282 1095 2342 et
1122 2271 1187 2344 Vs.
1215 2272 1275 2343 Β.;
1305 2271 1404 2364 „dat

225 2406 280 2499 wij
317 2406 418 2476 niets
446 2405 642 2498 gerustz'gi
675 2405 833 2476 konnen
860 2404 1086 2497 beminnen,
1114 2404 1189 2476 dan
1216 2404 1403 2500 sodanige

224 2538 468 2611 menschen’'
505 2541 527 2610 i.
560 2562 593 2611 e.
634 2563 706 2612 nos
741 2539 831 2610 nihil
866 2541 1074 2635 tranquille
1108 2563 1238 2612 amare
1265 2564 1401 2635 posse,

225 2675 297 2744 nisi
332 2672 431 2745 tales
464 2672 659 2758 homines3
700 2683 836 2744 contra
862 2672 934 2744 Ed.
962 2672 1023 2745 Pr.
1052 2697 1155 2766 „nos
1181 2673 1272 2745 nihil
1299 2683 1403 2746 tran-

212 2806 406 2901 quillius,
448 2832 558 2902 quam
597 2803 815 2878 istiusmodi
850 2806 1044 2899 homines,
1079 2830 1197 2901 posse
1228 2807 1402 2901 amare”,

227 2939 332 3034 quod
366 2964 445 3013 non
480 2940 593 3034 plane
628 2938 733 3011 idem
768 2950 847 3032 est,
883 2939 973 3012 ibid.
1008 2952 1156 3036 autogr.
1185 2952 1226 3012 et
1251 2940 1317 3012 Vs.
1344 2940 1402 3013 Β.;

228 3073 331 3165 „hoe
354 3096 594 3168 aangenaam
621 3076 680 3168 mij
709 3073 742 3144 is
768 3096 818 3144 en
844 3076 882 3144 ln
907 3073 1199 3146 toekoomende
1222 3076 1289 3170 sijn
1313 3073 1402 3146 sal.''

225 3206 297 3278 Ed.
324 3208 384 3279 Pr.
395 3235 405 3278 Ι;
434 3231 580 3302 „quam
606 3219 758 3302 gratum
780 3207 871 3278 mihi
892 3219 931 3279 et
953 3209 991 3279 in
1013 3219 1214 3301 posterum
1235 3207 1403 3280 futurum

227 3341 309 3413 sit.’'
334 3341 424 3413 ibid.
447 3353 596 3435 autogr.
620 3353 659 3413 et
681 3340 747 3413 Vs.
768 3341 825 3412 Β.;
850 3352 976 3433 „want
998 3341 1064 3412 het
1085 3352 1202 3435 quaat
1225 3340 1292 3412 dat
1313 3343 1344 3412 'r
1365 3341 1403 3412 in

226 3499 324 3567 was,
352 3477 433 3547 niet
458 3474 536 3548 dan
561 3498 636 3547 een
661 3474 854 3569 bernoving
876 3500 949 3546 van
975 3499 1035 3546 een
1058 3474 1283 3546 volmaakier
1303 3483 1404 3548 stant

136 3681 138 3686 .
226 3609 348 3702 was;’'
376 3607 448 3681 Ed.
471 3607 532 3680 Pr.
556 3608 811 3704 „privationis
829 3608 986 3700 status,”
1012 3607 1061 3680 de
1084 3631 1160 3702 quo
1183 3610 1277 3681 satis
1298 3610 1404 3704 gravi

226 3745 319 3814 vitio
346 3744 421 3813 iam
448 3765 564 3835 supra
591 3743 755 3837 egimus,
783 3740 873 3813 ibid.
902 3754 1050 3836 autogr.
1075 3753 1115 3814 et
1136 3741 1203 3815 Vs.
1226 3741 1287 3814 Β.;
1310 3743 1403 3838 „wijl

223 3877 277 3972 aij
294 3876 357 3946 ook
376 3887 465 3970 gots
487 3875 548 3946 wil
570 3875 814 3967 uitvoeren,”
838 3875 911 3947 Ed.
931 3876 993 3947 Pr.
1007 3875 1127 3948 verba
1149 3875 1292 3967 „etiam
1308 3875 1401 3963 illi'’

228 4009 297 4104 (sc.
320 4007 500 4103 improbi)
524 4011 707 4081 omittens
728 4009 1086 4081 sententiam'haud
1107 4033 1244 4104 parum
1266 4010 1403 4084 obscu-

227 4165 309 4213 ram
336 4141 516 4214 reddidit.
1137 4235 1140 4241 Ι

278 4274 426 4348 Contra
459 4300 521 4370 ep.
549 4276 689 4370 XXIII,
717 4277 781 4349 ubi
807 4288 957 4371 autogr.
985 4288 1025 4349 et
1051 4276 1117 4350 Vs.
1145 4277 1186 4348 B.
1215 4276 1312 4349 haec
1338 4277 1404 4350 ha-

226 4407 340 4480 bent:
373 4421 499 4502 „want
534 4410 584 4483 de
617 4411 818 4507 uyterlijke
852 4410 963 4504 daat,
998 4435 1048 4483 en
1081 4422 1163 4483 met
1193 4435 1321 4485 eenen
1354 4409 1405 4485 de
