3120 5070
778 504 819 555 12

204 704 283 799 pho
311 704 467 777 editam.
496 705 537 777 ln
564 728 639 799 qua
667 706 740 776 etsi
766 702 952 799 pleraque
976 703 1201 798 simpliciter
1223 717 1264 778 et
1284 709 1385 779 inor-

203 849 295 910 nate
318 841 536 933 perscripta
558 850 664 931 sunt,
689 848 827 931 utpote
849 839 887 907 in
910 837 1075 931 epistula
1095 837 1146 910 ad
1159 838 1392 911 familiarem·

202 970 314 1066 data,
354 985 486 1045 tamen
526 975 651 1046 oratio
690 996 769 1044 non
809 973 913 1044 omni
952 971 1116 1044 artificio
1151 983 1279 1066 caret,
1315 972 1386 1046 sed

204 1104 398 1178 interdum
432 1105 508 1178 leni
535 1104 702 1201 quadam
728 1117 769 1176 et
795 1103 877 1176 lere
904 1104 1013 1176 hilari
1040 1104 1232 1200 elegantia
1260 1104 1385 1200 splen-

203 1238 346 1332 descit,
382 1264 470 1312 cum
493 1239 596 1312 haud
618 1263 706 1312 raro
729 1241 959 1335 exquisitius
981 1240 1142 1312 verbum
1160 1239 1221 1312 vel
1240 1238 1385 1312 locutio

203 1384 404 1467 occurrat,
445 1372 565 1446 semel
604 1371 664 1445 vel
701 1372 760 1445 bis
795 1371 901 1445 lusus
935 1372 1141 1445 verborum
1177 1385 1384 1467 appareat,

203 1509 320 1579 immo
360 1509 399 1577 in
431 1506 508 1578 fine
541 1506 660 1578 verba
694 1504 916 1600 Vergiliana
951 1505 1189 1602 („classique
1216 1508 1385 1577 immittit

204 1638 421 1736 habenas”)
444 1651 673 1734 repetantur
694 1652 734 1712 et
757 1638 807 1712 ad
830 1639 976 1712 dictum
1000 1638 1197 1735 quoddam
1211 1638 1385 1711 Terentii

113 1798 115 1804 ’
203 1772 341 1868 (Andr.
370 1774 460 1866 845:
489 1776 643 1867 „omnis
670 1797 733 1846 res
758 1776 833 1846 iam
861 1785 921 1847 est
948 1776 987 1846 in
1012 1773 1155 1870 vado‘’)
1183 1772 1384 1846 alludatur.

254 1907 364 2000 Quae
411 1930 499 1978 cum
538 1909 591 1978 ita
631 1909 725 2000 sint,
773 1919 905 1979 tamen
943 1919 984 1979 et
1021 1907 1073 1979 de
1111 1907 1169 1980 his
1208 1907 1385 1980 omnibus

204 2039 334 2112 valent
360 2064 423 2133 ea,
452 2063 552 2135 quae
580 2039 629 2113 de
658 2039 838 2114 socordia
861 2041 1054 2136 Spinozae
1077 2053 1117 2113 et
1140 2039 1385 2136 neglegentia

203 2175 242 2244 in
269 2172 496 2267 scribendo,
526 2173 828 2269 qualescumque
854 2174 1029 2267 fuerunt,
1057 2177 1095 2245 in
1122 2173 1385 2268 superioribus

203 2309 432 2380 monuimus.
471 2307 560 2380 Noli
598 2330 666 2399 ea,
704 2331 803 2402 quae
837 2308 1026 2380 hactenus
1053 2310 1382 2381 enumeravimus:

203 2439 360 2513 liberius
399 2439 593 2513 scribendi
627 2463 766 2535 genus,
802 2443 1031 2513 varietatem
1059 2443 1267 2533 sermonis,
1295 2439 1383 2512 flos-

202 2573 378 2645 culorum
392 2598 521 2667 usum,
547 2573 764 2668 elegantiae
779 2574 963 2666 studium,
980 2573 1172 2667 Spinozae
1187 2585 1383 2668 tamquam

203 2709 360 2802 propria
399 2709 606 2800 imputare,
648 2729 748 2802 quae
783 2709 912 2779 omnia
946 2730 1071 2802 aeque
1106 2709 1145 2778 in
1171 2709 1384 2779 amicorum

204 2851 244 2911 et
279 2839 496 2935 aequalium
525 2842 669 2934 scripta
696 2838 850 2912 cadant.
879 2839 997 2912 lmmo
1026 2863 1074 2912 ne
1103 2839 1275 2935 singulae
1304 2842 1384 2935 qui-

199 2973 291 3046 dem
329 2996 449 3046 voces
489 2985 529 3045 et
567 2957 804 3065 locutiones,
846 2996 942 3067 quas
980 2975 1019 3044 in
1056 2972 1384 3067 praecedentibus

203 3106 539 3201 perlustravimus,
580 3109 645 3176 uni
684 3105 915 3200 philosopho
956 3117 1090 3179 nostro
1126 3106 1383 3179 vindicandae

203 3251 303 3312 sunt.
332 3239 408 3333 Sic,
438 3262 537 3334 quae
564 3239 614 3313 de
641 3239 809 3312 ablativo
830 3239 1008 3335 gerundii
1030 3265 1101 3335 pro
1122 3241 1225 3312 Part.
1239 3240 1382 3333 Praes,

203 3372 254 3445 de
293 3374 630 3447 coniunctionibus
668 3375 793 3469 quod,
831 3377 1029 3467 sive-sive,
1063 3387 1138 3447 etc.
1166 3399 1254 3447 cum
1282 3374 1383 3448 Con-

203 3508 373 3578 iunctivo
409 3509 651 3600 potissimum
678 3508 874 3601 adhibitis,
902 3508 951 3580 de
979 3508 1140 3582 vocibus
1166 3509 1333 3604 absque,
1361 3532 1383 3580 e

202 3651 357 3732 contra,
385 3641 511 3732 iuxta,
539 3639 753 3735 hucusque,
783 3664 894 3735 prae,
923 3642 1071 3736 quoad,
1095 3645 1381 3734 annotavimUS,

203 3774 360 3844 omnino
398 3771 590 3867 quadrant
621 3775 659 3844 in
694 3774 880 3868 epistulas
913 3777 1144 3868 amicorum,
1180 3777 1218 3846 in
1245 3776 1383 3870 quibus

203 3905 299 3978 haec
327 3917 368 3978 et
394 3904 467 3977 alia
493 3905 711 3979 huiusmodi
738 3909 882 4001 passim
908 3919 1128 3979 occurrunt.
1161 3910 1193 4003 1)

242 4163 270 4243 ι)
303 4164 479 4223 Consultius
511 4164 608 4224 visum
640 4175 699 4237 est,
729 4185 768 4225 ne
794 4165 950 4243 inquisitio
978 4167 1021 4226 rei
1041 4187 1095 4244 per
1115 4187 1147 4226 se
1168 4166 1239 4226 satis
1259 4167 1335 4226 levis
1354 4167 1386 4226 in
1412 4208 1414 4215 ·

197 4261 398 4321 immodicum
437 4273 600 4337 cresceret,
628 4263 881 4341 disceptationem
909 4264 989 4325 intra
1009 4267 1084 4325 fines
1105 4267 1239 4342 Operum
1260 4265 1387 4324 Posthu·

198 4380 317 4420 morum
350 4360 501 4423 cohibere.
533 4363 652 4421 Tamen
684 4364 873 4422 monendum
905 4374 950 4422 est
979 4383 1026 4422 ex.
1057 4383 1101 4440 gr.
1128 4365 1211 4440 apud
1232 4364 1386 4422 Baconem

198 4461 356 4537 complura
377 4478 414 4519 ex
435 4458 488 4535 iis,
510 4478 588 4536 quae
609 4461 797 4536 notavimuS,
821 4481 868 4522 ex.
888 4482 932 4539 gr.
950 4462 1080 4538 absque,
1100 4470 1249 4536 econtra,
1268 4462 1385 4536 quoad,
