3120 5070
787 460 833 550 56

218 704 317 775 quae
343 693 474 753 tamen
500 681 629 752 omnia
655 679 704 750 ab
731 690 891 751 auctore
914 679 1143 773 postmod0‚
1167 705 1255 752 cum
1278 694 1397 776 caput

219 815 272 885 XI
298 814 515 906 inchoaret,
547 816 692 886 inserta
718 836 805 885 esse
832 812 1022 885 videntur.
1049 813 1204 886 Etenim
1231 814 1396 887 diffiten-

219 948 310 1020 dum
337 959 520 1040 nonest,
548 947 656 1019 locos
684 946 786 1039 illos,
815 969 912 1040 quos
940 949 1169 1020 novissimos
1196 951 1395 1042 recensui,

218 1106 450 1176 quamquam
474 1105 521 1152 ex
542 1083 660 1175 ipsius
683 1080 875 1174 Spinozae
893 1081 1069 1153 manibus
1083 1080 1251 1175 profecti
1265 1082 1396 1154 viden-

218 1227 300 1308 tur,
331 1227 463 1287 tamen
489 1237 625 1286 omnes
652 1215 824 1307 speciem
851 1213 1204 1286 additamentorum
1231 1239 1398 1318 praese

218 1349 337 1441 ferre,
365 1351 417 1421 ita
444 1360 486 1420 ut
513 1347 738 1420 incredibile
765 1372 843 1420 non
869 1350 919 1420 sit
940 1371 1028 1440 eos,
1052 1350 1084 1420 si
1106 1350 1181 1421 iam
1203 1348 1398 1444 Spinozae

175 1564 177 1568 ,
219 1481 413 1554 tribuendi
439 1493 545 1574 sunt,
572 1480 750 1575 perfecto
778 1481 934 1553 demum
961 1505 1081 1576 opere
1104 1482 1152 1554 ab
1175 1495 1336 1555 auctore
1359 1487 1398 1555 in

222 1618 395 1710 margine
426 1615 645 1709 adscriptos
672 1637 759 1686 esse
787 1626 826 1686 et
853 1614 952 1686 hanc
979 1616 1096 1688 fuisse
1123 1640 1300 1710 causam,
1328 1642 1400 1690 cur

218 1752 470 1844 interpretem
496 1749 693 1843 Belgicum
720 1747 937 1844 effugerint.
974 1735 976 1738 ⁵

217 1971 219 1976 .
268 1883 445 1978 Denique
484 1882 614 1955 afferri
649 1894 781 1977 potest
815 1883 1071 1977 Eth.11‚49‚
1101 1885 1219 1957 schol.
1246 1887 1285 1956 in
1311 1888 1398 1979 ipso

218 2017 311 2089 fine:
341 2029 490 2112 „atque
517 2016 592 2108 his,
621 2040 720 2111 quae
743 2019 781 2088 in
804 2017 878 2090 hoc
893 2018 1039 2090 scholio
1055 2042 1172 2114 agere
1187 2021 1398 2092 constitue-

221 2175 302 2222 ram
329 2152 476 2224 absolvi
502 2162 542 2224 et
569 2173 616 2222 eo
643 2150 759 2222 finem
786 2150 874 2223 huic
896 2164 1054 2224 nostrae
1078 2152 1274 2224 secundae
1297 2155 1399 2246 parti

219 2287 396 2379 impono,
425 2288 463 2356 in
489 2309 566 2380 qua
592 2297 688 2379 puto
715 2309 776 2356 me
804 2297 980 2357 naturam
1008 2288 1148 2359 mentis
1174 2286 1397 2358 humanae''

221 2430 418 2514 etqseqq.‚
447 2443 561 2513 quem
589 2419 716 2492 locum
739 2420 868 2514 paullo
892 2420 1004 2492 aliter
1024 2420 1183 2493 exhibet
1205 2423 1399 2515 interpres
1467 2516 1469 2526 Ι

219 2552 323 2647 Belg.
357 2554 509 2624 omissis
542 2553 669 2625 verbis
704 2553 860 2645 mediis,
898 2578 1016 2648 quae,
1052 2578 1139 2626 cum
1167 2555 1258 2626 illud
1287 2556 1397 2647 „eo”

218 2689 282 2757 vix
317 2686 510 2780 Spinozae
545 2710 633 2759 esse
666 2687 918 2781 crediderim,
954 2688 1056 2761 haud
1083 2693 1164 2762 scio
1192 2714 1241 2762 an
1268 2692 1398 2784 potius

219 2819 432 2892 editoribus
460 2844 575 2915 quam
601 2824 751 2893 auctori
777 2823 850 2915 ipsi
873 2834 1069 2917 tamquam
1089 2823 1397 2896 additamentum

218 2954 444 3048 imputanda
471 2956 556 3026 sint.
589 2954 621 3050 1)

216 3204 430 3212 ————

257 3361 286 3432 1)
307 3357 451 3418 Similiter
471 3360 559 3417 Land
580 3360 617 3417 de
638 3358 693 3418 int.
715 3378 774 3420 em.
796 3379 850 3431 42:
873 3369 982 3436 „patet
1002 3359 1110 3419 iterum
1134 3357 1185 3439 [ex
1207 3357 1275 3440 eo],
1292 3359 1375 3435 quod
1385 3360 1402 3384 '’

215 3469 348 3533 etqseqq.
371 3458 465 3516 verba
487 3476 550 3528 „ex
570 3459 642 3530 eo”,
665 3477 744 3534 quae
765 3460 818 3517 Vs.
841 3459 873 3516 B.
893 3460 1079 3531 nonhabet,
1100 3469 1256 3534 tamquam
1275 3459 1314 3517 ab
1332 3457 1401 3516 edd.

214 3555 318 3630 primis
349 3555 468 3626 addita,
500 3554 563 3613 iure
595 3555 718 3614 eiecisse
746 3555 875 3614 videtur.
904 3558 998 3614 Porro
1019 3558 1056 3615 cs.
1079 3556 1152 3616 ibid.
1175 3576 1230 3628 41:
1252 3555 1309 3627 „si
1331 3573 1403 3630 ergo

214 3653 336 3711 daretur
356 3651 472 3729 aliquid
493 3651 524 3710 iu
546 3655 676 3726 Natura,
699 3653 775 3711 nihil
798 3652 974 3711 commercii
995 3655 1112 3712 habens
1130 3673 1200 3712 cum
1218 3653 1285 3711 aliis
1297 3654 1401 3724 rebus,

215 3753 277 3825 ejus
309 3750 400 3809 etiam
431 3753 459 3808 si
485 3752 580 3809 datur
611 3752 741 3809 essentia
772 3751 941 3826 objectiva,
972 3770 1050 3827 quae
1081 3750 1248 3810 convenire
1275 3748 1402 3810 omnino

214 3850 337 3908 deberet
369 3869 439 3908 cum
469 3848 589 3907 formali
598 3851 615 3875 ''
646 3858 798 3925 etqseqq.;
830 3849 883 3908 ubi
914 3868 969 3925 pro
1000 3849 1110 3908 vitioso
1141 3851 1244 3923 datur,
1275 3851 1404 3907 daretur

213 3947 345 4006 correxit
384 3950 417 4009 L.
455 3949 573 4006 Tamen
610 3965 680 4005 cum
719 3949 773 4005 Vs.
806 3947 839 4003 Β.
872 3948 948 4005 haec
979 3948 1069 4023 plane
1100 3946 1222 4006 omittat
1252 3956 1282 4005 et
1310 3946 1403 4005 etiam

214 4046 359 4105 suadente
381 4045 531 4104 sententia
551 4064 738 4122 supervacuo
759 4056 789 4104 et
806 4064 903 4121 paene
920 4047 1048 4104 molesto
1066 4045 1278 4104 additamento
1297 4042 1404 4102 melius

215 4163 386 4216 careamuS,
408 4142 512 4211 nescio
532 4162 571 4201 an
591 4144 701 4203 rectius
721 4146 796 4202 baec
818 4144 911 4203 verba
928 4143 1093 4203 editoribus
1111 4142 1216 4220 primis
1234 4142 1404 4202 tribuantur

215 4251 244 4300 et
271 4244 361 4318 plane
388 4243 542 4301 tollantur.
574 4241 715 4318 Denique
746 4243 934 4315 notandum,
966 4243 1070 4301 abesse
1102 4243 1133 4300 in
1164 4243 1218 4299 Vs.
1242 4242 1276 4300 B.
1298 4249 1402 4298 notam

211 4339 295 4398 illam
317 4341 356 4399 ad
377 4340 431 4398 int.
453 4359 510 4399 em.
536 4358 601 4414 107:
622 4341 719 4413 „vide
740 4361 829 4416 supra
849 4361 917 4418 pag.
941 4343 1015 4417 365,
1038 4343 1095 4416 366
1105 4342 1122 4367 ”
1144 4350 1289 4417 etqseqq.‚
1311 4357 1403 4416 quam

216 4438 364 4514 Spinozae
385 4438 620 4498 adscribendam
642 4459 706 4498 esse
727 4440 808 4498 haud
829 4439 918 4499 facile
939 4439 1142 4500 contenderis.
