3120 5070
760 465 810 535 40

186 673 368 769 Principe
401 671 531 744 denuo
566 692 684 764 agere
711 680 752 742 et
778 668 828 743 de
857 669 1056 762 subsidiis,
1084 693 1184 766 quae
1211 669 1262 743 ad
1287 682 1374 744 tex-

114 776 116 780 ·
185 819 268 880 tum
303 801 619 879 constituendum
654 812 813 896 praesto
849 813 957 896 sunt,
984 826 1110 897 pauca
1137 827 1372 899 proponere.

235 938 301 1011 Ad
315 936 634 1036 cognoscendum
649 947 780 1009 autem
791 947 936 1009 statum
946 947 987 1009 et
997 936 1269 1011 condicionem
1280 961 1373 1011 con-

187 1083 322 1145 textus
337 1070 513 1165 Operum
522 1069 823 1144 Posthumorum
834 1068 1022 1141 lectorem
1034 1081 1192 1164 praeter
1201 1093 1259 1162 ea,
1271 1093 1372 1166 quae

187 1206 263 1275 iam
277 1205 599 1296 enumeravimus,
612 1201 833 1298 delegatum
849 1201 963 1274 velim
978 1225 1041 1294 ex.
1051 1225 1107 1297 gr.
1118 1201 1169 1274 ad
1178 1202 1250 1298 Ep.
1261 1202 1372 1297 XIX,

187 1360 303 1434 quem
329 1337 458 1410 locum
484 1335 574 1409 ideo
602 1335 723 1431 elegi,
747 1338 836 1432 quia
858 1335 955 1408 haec
978 1335 1144 1430 epistula
1165 1347 1226 1408 est
1240 1358 1291 1408 ex
1305 1337 1372 1428 iis,

186 1493 349 1567 quarum
371 1469 583 1564 exemplar,
605 1468 654 1542 ab
676 1471 797 1563 ipsius
818 1467 1012 1562 Spinozae
1028 1468 1205 1542 manibus
1219 1469 1373 1564 profec-

186 1615 289 1696 tum,
323 1615 518 1676 servatum
552 1613 593 1674 et
624 1601 718 1674 aL.
746 1601 893 1674 editum
921 1614 992 1675 est.
1019 1601 1060 1674 In
1086 1601 1215 1675 media
1241 1615 1373 1676 autem

72 1791 73 1794 η
186 1735 353 1831 epistula
379 1735 476 1808 haec
499 1735 698 1831 leguntur:
721 1792 741 1827 ,‚
751 1779 798 1788 -
814 1734 956 1807 nullam
970 1737 1186 1829 poterimus
1199 1739 1373 1811 invenire

188 1868 543 1965 imperfectionem3
583 1871 661 1943 imo
700 1892 789 1941 cum
828 1867 985 1941 infinitis
1024 1868 1107 1942 aliis
1142 1892 1372 1964 comparare

186 2015 372 2098 respectu
396 2003 494 2077 illius
520 2003 635 2099 longe
651 2002 935 2099 perfectioribus
956 2005 1011 2074 uti
1032 2002 1243 2097 lapidibus,
1266 2015 1373 2077 trun-

186 2138 244 2210 cis
270 2148 345 2209 etc.
372 2136 499 2209 licet.’'
527 2135 680 2208 Deinde
706 2134 835 2230 paullo
862 2135 980 2208 infra:
1002 2180 1080 2229 „-
1095 2159 1185 2208 nam
1198 2148 1373 2231 praeter·

165 2264 303 2367 ‘quam
330 2269 436 2366 quod
460 2292 641 2364 magnam
663 2272 701 2341 in
721 2268 808 2341 Deo
829 2281 996 2363 poneret
1016 2269 1371 2364 imperfectionem,

188 2405 220 2476 si
257 2405 463 2500 quicquam
502 2415 639 2477 contra
677 2405 761 2499 ejus
798 2402 1049 2477 Voluntatem
1087 2403 1201 2477 fieret
1216 2462 1346 2478 ......
1362 2435 1371 2499 ;

188 2538 305 2608 etiam
337 2539 493 2609 omnino
521 2560 608 2608 cum
635 2538 825 2609 voluntate
849 2536 1016 2609 Divinae
1040 2547 1201 2610 naturae
1225 2561 1372 2633 pugna·

188 2670 283 2743 ret.’'
312 2669 506 2766 Denique:
533 2694 641 2763 „non
662 2694 756 2743 vero
778 2682 970 2767 quatenus
990 2671 1131 2743 malum
1151 2682 1254 2744 erat:
1281 2694 1371 2743 nam

187 2802 348 2895 malum,
376 2803 481 2899 quod
508 2806 547 2875 in
573 2826 621 2875 eo
649 2815 752 2896 erat,
779 2827 859 2876 non
881 2816 966 2877 erat
988 2804 1092 2877 aliud
1110 2828 1225 2901 quam
1239 2805 1372 2901 priva-

187 2936 302 3008 tionis
326 2946 459 3029 status,
487 2961 603 3034 quern
629 2949 790 3032 propter
816 2937 908 3010 illud
935 2962 1033 3034 opus
1058 2936 1236 3012 Adamus
1261 2940 1371 3010 amit-

186 3079 271 3141 tere
306 3069 512 3142 debebat.’'
540 3115 587 3125 -
616 3071 727 3164 Quae
762 3073 892 3143 omnia
918 3073 956 3142 in
982 3070 1197 3165 exemplari
1223 3071 1372 3144 Batavo

186 3200 398 3296 Spinozae,
446 3203 552 3300 quod
595 3203 709 3276 Land
748 3206 970 3299 speciminis
1009 3228 1127 3278 causa
1166 3204 1368 3297 subnexit,

186 3337 241 3408 sic
280 3336 477 3431 leguntur:
518 3336 604 3431 „Ja,
644 3360 734 3409 men
768 3337 845 3409 kan
872 3330 1168 3433 het'vergelijke
1195 3348 1276 3410 met
1302 3361 1369 3410 on-

185 3468 365 3564 eindlijke
405 3469 552 3542 andere
591 3469 754 3565 dingen,
794 3469 857 3542 die
897 3482 965 3542 ten
1003 3470 1158 3565 opsicht
1196 3494 1270 3543 van
1301 3468 1370 3541 dat

184 3601 270 3673 veel
302 3603 576 3675 onvolmaakter
602 3606 686 3698 siJn,
714 3603 828 3699 gelijk
856 3616 1036 3697 steenen,
1063 3603 1235 3676 blokken
1262 3602 1369 3674 enz.''

183 3745 267 3807 tum
307 3780 384 3828 „-
424 3747 527 3808 want
565 3734 729 3809 behalve
765 3736 833 3808 dat
868 3736 935 3809 het
970 3761 1045 3809 een
1070 3748 1211 3831 groote
1238 3735 1372 3810 onvol-

182 3868 384 3965 maakthijt
423 3872 460 3940 in
498 3881 567 3964 got
602 3893 675 3942 zou
710 3870 867 3963 stellen,
904 3870 972 3943 dat
1004 3871 1033 3943 'r
1067 3872 1122 3942 iet
1157 3881 1275 3965 tegen
1301 3871 1370 3964 sijn

185 4000 246 4071 wil
272 4024 353 4073 sow
379 4001 617 4096 geschieden
643 4047 692 4056 -
717 4003 783 4076 het
805 4027 886 4077 sow
910 4003 988 4077 ook
1011 4002 1230 4075 teenemaal
1252 4014 1369 4096 tegen

181 4129 226 4203 de
251 4141 397 4206 natum
422 4160 495 4207 van
517 4145 602 4230 gots
627 4137 699 4207 wil
720 4136 881 4232 streidig
904 4137 1016 4232 zijn;’'
1041 4136 1208 4232 denique
1232 4156 1370 4228 „maar

185 4265 265 4336 niet
304 4289 400 4338 voor
440 4291 483 4340 so
522 4269 608 4340 veel
643 4268 711 4340 het
745 4281 862 4365 quaat
897 4293 995 4362 was,
1030 4280 1135 4340 want
1160 4267 1226 4340 het
1252 4278 1370 4364 quaat

180 4394 252 4468 dat
274 4397 305 4468 ’r
324 4400 363 4469 in
384 4423 482 4493 was,
507 4402 586 4473 niet
609 4401 686 4473 dan
706 4426 766 4474 een
780 4402 1058 4496 beroovz'ngvan
1071 4426 1132 4473 een
1146 4401 1373 4473 volmaakter
