3120 5070
754 495 803 582 69

190 735 290 807 quae
317 712 413 785 haec
441 713 577 786 habet:
607 725 734 806 „want
761 737 858 785 onze
886 713 1109 810 denkingcn
1136 716 1294 789 konnen
1317 719 1372 788 uit

189 866 291 938 geen
324 844 457 919 andere
489 858 693 942 grontvest
726 847 884 940 bepaalt
916 848 1077 920 worden
1089 849 1121 940 ,''
1149 860 1189 920 et
1215 852 1253 919 in
1280 848 1372 921 lem-

191 989 295 1050 mate
321 977 572 1051 determinari.

676 1215 890 1222 ψ

708 1423 856 1490 Ethica.

238 1644 323 1721 Lib.
351 1643 375 1714 Ι.
408 1666 461 1735 11,
491 1642 591 1716 dem.
620 1663 661 1715 2:
703 1647 849 1736 ‚,rati0‚
877 1669 946 1717 cur
973 1645 1140 1718 circulus
1167 1646 1227 1719 vel
1254 1649 1370 1718 trian-

191 1775 321 1871 gulum
344 1777 519 1868 existit‚''
550 1789 727 1873 etqseqq.
750 1778 864 1850 Land
885 1778 1157 1874 „triangulus”
1185 1782 1368 1851 correxit.

190 1907 339 1980 Tamen
366 1910 579 1982 notandum
606 1922 685 2003 est,
708 1912 939 2006 triangulum
962 1935 1033 2005 per
1052 1935 1175 2006 genus
1190 1924 1369 1983 neutrum

189 2065 313 2138 aeque
335 2042 438 2115 bona
461 2042 672 2115 Latinitate
694 2043 823 2116 efferri
846 2056 886 2116 et
907 2044 994 2116 Eth.
1018 2044 1057 2115 ΙΙ.
1074 2047 1115 2135 8,
1139 2043 1258 2117 schol.
1274 2044 1368 2138 legi:

191 2175 482 2271 „rectanguln”

239 2442 328 2516 ibid.
362 2466 415 2537 11,
444 2444 582 2517 schot:
612 2447 729 2540 „quia
756 2447 902 2517 assueti
928 2456 1104 2517 sunteas
1125 2445 1369 2519 solummodo

191 2601 254 2650 res
282 2578 560 2671 contemplari,
588 2600 686 2673 quae
715 2601 737 2649 a
765 2580 892 2650 causis
918 2581 1092 2651 externis
1112 2579 1282 2675 fluunt.”

237 2709 382 2782 Nescio
396 2734 446 2782 an
460 2721 635 2805 praestet
649 2709 725 2782 leni
739 2713 954 2783 mutatione
969 2714 1165 2807 corrigere
1193 2713 1367 2809 ‚,fi1mt'‘;

189 2847 333 2937 prim0,
361 2844 466 2940 quod
490 2856 628 2916 auctor
649 2847 687 2915 in
710 2846 980 2940 sequentibus,
1009 2845 1167 2918 easdem
1191 2869 1254 2918 res
1268 2845 1368 2918 desi-

187 2999 326 3071 gnans,
353 2977 411 3049 bis
439 2977 607 3073 loquitur
633 2977 682 3048 de
710 2979 843 3067 rebus,
871 3002 971 3075 quae
997 3002 1019 3050 a
1046 2981 1174 3051 causis
1194 2981 1368 3051 externis

180 3109 301 3205 fiunt.
341 3108 493 3181 Deinde
534 3109 693 3181 verbum
728 3111 911 3203 „fluere”
947 3136 969 3184 a
1005 3112 1149 3204 „fieri”
1186 3112 1367 3205 distingui

187 3253 282 3334 puto
310 3241 416 3334 apud
444 3254 637 3336 nostrum,
664 3248 808 3340 quippe
823 3249 887 3341 qui
902 3269 1040 3319 vocem
1057 3245 1238 3338 „fluere”
1263 3244 1367 3316 adhi-

186 3375 296 3466 beat,
338 3375 401 3447 ubi
441 3378 567 3470 agitur
605 3375 655 3448 de
690 3378 824 3470 rebus,
861 3402 960 3474 quae
988 3402 1058 3472 per
1085 3379 1239 3473 longam
1265 3377 1366 3449 illam

186 3508 246 3579 vel
274 3511 402 3603 potius
430 3509 616 3581 infinitam
642 3514 783 3582 seriem
810 3510 1033 3585 derivantur
1060 3513 1140 3584 sive
1169 3534 1368 3606 „sequun-

186 3642 276 3712 tur”
318 3666 368 3714 ex
408 3646 527 3737 ipsius
568 3643 641 3715 Dei
682 3644 829 3715 infinita
868 3658 1005 3717 natura
1041 3643 1101 3716 vel
1136 3667 1187 3715 ex
1222 3641 1367 3734 „rebus

186 3777 390 3848 aeternis.'’
428 3777 486 3850 cf.
521 3777 610 3851 Eth.
637 3777 661 3849 Ι.
694 3795 747 3871 17,
776 3777 912 3851 schot:
942 3802 997 3871 „a
1024 3801 1172 3851 summa
1199 3775 1272 3847 Dei
1300 3798 1367 3867 po-

185 3912 307 3980 tentia
335 3912 415 3981 sive
442 3908 589 3981 infinita
612 3922 750 3982 natura
768 3909 915 3983 infinita
930 3910 1168 3982 effluxisse”.
1191 3908 1264 4002 Ep.
1280 3907 1366 3978 XII:

187 4065 241 4132 „a
268 4040 403 4133 modo,
427 4064 505 4137 quo
528 4064 551 4111 a
573 4044 689 4116 rebus
711 4046 880 4116 aeternis
902 4042 1020 4115 fluit.'‘
1044 4041 1084 4112 ln
1106 4041 1193 4114 loco
1218 4053 1365 4132 autem,

186 4172 235 4244 de
275 4196 352 4268 quo
392 4176 529 4269 agitur,
570 4198 698 4248 sermo
733 4188 882 4248 tantum
918 4187 978 4247 est
1014 4173 1064 4246 de
1101 4176 1235 4267 rebus,
1271 4197 1366 4269 quas

186 4318 395 4376 causantur
421 4330 484 4378 res
511 4318 718 4399 externae,
745 4329 821 4402 qua
847 4311 886 4379 in
913 4331 956 4378 re
983 4306 1065 4379 fere
1092 4308 1279 4382 sollemne
1306 4320 1366 4379 est

185 4439 345 4511 verbum
374 4439 522 4531 „fieri”
