3120 5070
776 479 820 553 35

206 681 533 755 admonitionibus
573 682 753 778 eligunt.'’
795 682 926 755 Verba
959 687 1100 778 partim
1136 705 1188 758 ex
1215 685 1389 760 Terentii

204 815 373 911 Adelph.
402 816 451 913 (v.
466 816 553 911 385)
576 818 698 909 petita
722 827 828 908 sunt,
852 828 893 889 et
914 816 1027 889 facile
1050 821 1168 891 etiam
1186 843 1390 916 argumen-

205 960 286 1026 tum
325 948 522 1045 quoddam
559 951 751 1022 comicum
787 973 996 1046 agnoscas3
1031 952 1137 1047 quod
1172 965 1303 1026 autem
1338 952 1388 1026 ad

204 1105 287 1154 rem
325 1084 448 1177 ipsam
483 1086 641 1176 attinet,
678 1081 929 1156 conferantur
964 1108 1026 1156 ex.
1062 1108 1117 1180 gr.
1153 1087 1388 1181 interpretes

204 1214 254 1287 ad
276 1214 434 1288 Terent.
454 1216 610 1290 Phorm.
631 1243 685 1291 vs.
708 1238 790 1311 243,
811 1221 876 1314 qui
896 1218 1042 1293 docent
1063 1220 1387 1294 consuetudinem

203 1338 303 1422 hanc
339 1351 574 1443 „militatum
610 1351 890 1446 confugiendi’'
924 1350 1043 1426 fuisse
1076 1357 1216 1427 aetatis
1241 1353 1385 1428 Diado-

203 1484 383 1578 chorum;
410 1508 525 1581 quem
552 1508 701 1558 morem
730 1485 946 1558 Menander
972 1499 1013 1559 et
1035 1510 1106 1582 per
1129 1487 1386 1561 Menandrum

203 1617 410 1692 Terentius
437 1622 475 1690 in
501 1618 727 1703 comoedias
754 1643 843 1692 suas
870 1619 1141 1692 introduxerit.
1173 1622 1207 1717 1)
1295 1672 1305 1686 a
1419 1619 1421 1622 ’

249 1751 381 1849 Atque
416 1752 513 1826 haec
548 1764 655 1846 sunt,
683 1777 784 1850 quae
810 1753 859 1825 de
887 1753 1078 1848 Spinozae
1105 1754 1318 1827 Latinitate
1345 1767 1387 1828 et

202 1888 391 1960 sermonis
424 1909 570 1981 genere
605 1886 840 1981 disputanda
874 1885 1001 1959 habui.
1034 1886 1094 1959 De
1126 1886 1226 1981 stylo
1253 1899 1384 1960 autem
1495 1864 1498 1869 Α

200 2022 359 2114 proprie
394 2020 500 2093 dicto
536 2023 567 2094 si
601 2022 677 2093 iam
704 2023 742 2092 in
769 2020 845 2093 line
872 2021 1157 2095 dissertationis
1183 2044 1249 2114 ea,
1283 2045 1383 2117 quae

200 2151 388 2226 hactenus
424 2157 586 2248 sparsim
614 2157 818 2227 interiecta
845 2154 906 2227 vel
932 2157 1167 2228 succinctius
1195 2177 1384 2249 expressa

199 2297 306 2379 sunt,
329 2286 664 2382 comprehendere
691 2299 731 2360 et
758 2291 795 2358 in
822 2311 899 2361 uno
922 2299 1138 2382 conspectu
1160 2311 1383 2382 proponere

198 2418 330 2512 liceat,
370 2420 467 2493 haec
506 2433 632 2494 sunto.
673 2421 710 2516 2)
751 2420 894 2494 Scribit
932 2420 1101 2515 Spinoza
1140 2421 1303 2516 simplici
1342 2431 1383 2493 et

194 2623 409 2634 ——

236 2742 264 2823 1)
296 2743 437 2804 Dubitari
467 2754 566 2820 potest
597 2764 643 2805 ex.
674 2765 718 2822 gr.
737 2746 775 2804 de
796 2746 865 2803 Eth.
886 2747 942 2821 IV,
963 2761 1019 2820 45,
1040 2748 1134 2806 schol.
1160 2767 1191 2807 2:
1215 2746 1386 2819 „odoribus

194 2851 223 2901 et
243 2843 323 2902 ludis
344 2842 561 2903 exercitatoriis
570 2844 598 2917 ,’'
626 2862 812 2919 quamquam
837 2841 934 2903 ethic
951 2842 1051 2920 potius
1069 2863 1116 2902 res
1133 2843 1274 2919 antiquas
1292 2862 1384 2919 quam

192 2939 341 3016 Spinozae
361 2942 503 3017 aequales
524 2940 677 3018 designari
697 2940 887 3001 crediderim.

234 3056 265 3134 2)
297 3059 387 3133 Quod
419 3058 458 3118 de
485 3056 548 3117 eius
576 3056 729 3117 scribendi
756 3076 868 3134 genere
888 3056 1035 3116 iudicium
1057 3059 1190 3116 tulerunt
1210 3056 1304 3115 Editt.
1326 3057 1382 3115 Ed.

192 3155 310 3231 Princ,
336 3157 389 3233 qui
417 3166 579 3216 tractatum
601 3156 639 3215 de
659 3155 714 3216 int.
736 3174 794 3216 em.
816 3154 968 3227 „testibus
989 3164 1021 3213 et
1037 3157 1114 3232 stylo
1135 3165 1164 3214 et
1185 3154 1384 3231 conceptibus

191 3250 252 3312 iam
283 3255 395 3313 multos
422 3264 493 3314 ante
520 3273 618 3314 annos
640 3252 874 3329 conscriptum'’
895 3252 1182 3328 pronuntiaverunt3
1205 3271 1247 3311 sc.
1268 3251 1299 3310 in
1322 3271 1383 3328 quo

152 3381 155 3386 ·
190 3351 313 3422 „multa
340 3347 485 3425 obscura,
507 3351 595 3411 rudia
615 3353 716 3411 adhuc
737 3362 767 3409 et
787 3350 926 3426 impolita
947 3360 1111 3409 occurrunt
1117 3350 1153 3424 ;''
1171 3359 1278 3409 contra
1296 3359 1382 3410 tract.

191 3448 257 3510 Pol.
281 3449 499 3523 laudaverunt,
520 3449 553 3508 in
574 3468 636 3525 quo
657 3458 758 3508 essent
779 3450 899 3524 „stylus
920 3449 1018 3507 clarus
1039 3457 1069 3507 et
1088 3457 1248 3507 accuratae
1269 3446 1382 3524 eogita-

189 3545 287 3605 tiones
294 3566 302 3620 ;
314 3547 331 3573 ”
352 3548 428 3606 haec
449 3547 554 3606 omnia
572 3546 669 3624 magis
680 3546 834 3622 utriusque
845 3546 944 3622 operis
955 3556 1166 3622 argumentum
1178 3564 1270 3621 quam
1282 3545 1381 3622 ipsum

189 3644 301 3718 stylum
323 3644 471 3722 respicere
493 3645 642 3705 videntur.
665 3644 787 3705 Etenim
809 3664 848 3704 ne
869 3645 901 3704 in
923 3654 1053 3704 tractatu
1070 3643 1195 3720 quidem
1207 3644 1245 3702 de
1255 3643 1311 3702 int.
1322 3663 1381 3703 em.

188 3740 320 3802 auctoris
347 3743 469 3802 solitam
497 3743 686 3803 luciditatem
715 3753 745 3804 et
772 3744 1017 3820 perspicuitatem
1039 3740 1203 3801 desiderari
1223 3741 1381 3815 existim0‚

188 3840 358 3900 dummodo
379 3839 455 3900 ratio
476 3842 624 3900 habeatur
645 3841 814 3918 „ponderis
835 3841 934 3918 operis
950 3841 1235 3918 profundarumque
1253 3838 1381 3897 medita·

187 3938 307 3998 tionum
315 3937 342 3997 ”.
370 3937 477 4014 Igitur
493 3938 518 3997 si
545 3938 607 3998 iam
634 3949 780 4000 tractatus
805 3939 857 3998 ille
877 3939 1030 3998 interdum
1052 3938 1204 3998 difficilior
1224 3937 1380 3996 intellectu

186 4035 349 4110 exstiterit,
372 4035 424 4094 vix
444 4047 505 4110 est,
526 4038 609 4112 quod
631 4037 785 4112 miremur,
797 4037 913 4097 scilicet
923 4037 954 4095 in
967 4056 1073 4114 opere,
1092 4037 1175 4112 quod
1186 4055 1248 4094 uno
1260 4047 1379 4109 tenore,

186 4144 334 4221 perpetua
363 4143 393 4193 et
423 4153 486 4194 non
517 4133 685 4211 interrupta
712 4134 959 4207 ratiocinatione,
982 4133 1184 4210 compositum
1206 4132 1260 4207 sit,
1281 4152 1380 4209 neque

187 4233 244 4291 hac
272 4233 304 4291 in
333 4253 365 4292 re
385 4233 617 4309 provocandum
640 4243 685 4292 est
704 4235 745 4294 ad
766 4232 923 4303 Ethicam,
949 4233 1034 4292 cuius
1056 4231 1276 4309 „prolixiorem
1298 4231 1379 4290 ordi·

187 4332 284 4388 nem”
311 4330 376 4407 ipse
397 4341 503 4390 auctor
524 4330 643 4408 saepius
663 4333 813 4408 professus
834 4341 887 4390 est.
1105 4397 1106 4400 Ἴ

227 4428 261 4485 In
287 4439 372 4490 tract.
396 4431 460 4490 Pol.
483 4439 696 4505 argumentum
717 4431 815 4489 multo
836 4429 955 4489 facilius
975 4427 1034 4489 sibi
1054 4428 1247 4488 tractandum
1269 4447 1379 4505 propo·
