3120 5070
754 471 801 542 79

149 657 150 660 ¹
234 676 353 746 Plane
382 684 513 745 autem
540 672 681 745 eodem
709 672 827 745 modo
854 683 1056 744 auctorem
1084 674 1123 742 in
1144 682 1275 742 mente
1298 693 1367 742 sua

185 805 420 904 explicanda
434 805 569 878 leviter
583 805 732 900 lapsum
748 805 1094 901 deprehendimus,
1115 804 1206 876 dum
1221 806 1259 875 in
1274 815 1365 875 nota

186 943 313 1038 aliqua
335 939 491 1013 dicendi
512 938 676 1011 formula
691 939 833 1033 pedem
849 938 1029 1029 offendit,
1054 940 1092 1009 in
1106 939 1213 1029 loeo,
1236 939 1301 1032 qui
1315 937 1367 1007 le-

185 1077 287 1170 gitur
312 1074 399 1145 Eth.
422 1072 483 1144 IV.
498 1074 564 1164 46,
589 1071 723 1145 schol.:
749 1071 834 1164 „At
848 1072 1063 1168 quicontra
1079 1069 1210 1142 studet
1225 1068 1367 1142 Odium

186 1208 332 1281 Amore
359 1228 605 1301 expugnare,
633 1206 694 1277 ille
718 1226 811 1278 sane
834 1205 959 1277 laetus
979 1217 1019 1277 et
1041 1227 1178 1277 secure
1201 1214 1366 1298 pugnat,

186 1364 310 1438 aeque
337 1319 450 1412 facile
479 1341 544 1410 uni
570 1339 714 1412 homini
741 1363 787 1411 ac
808 1339 980 1434 pluribus
1002 1338 1173 1410 resistit'’
1190 1348 1366 1433 etqseqq.

235 1474 301 1546 Vs.
332 1474 394 1565 B„
429 1495 529 1568 quae
563 1475 688 1567 primo
716 1472 984 1565 „wederstaat
1011 1496 1056 1544 zo
1084 1470 1267 1566 lichtelijk
1293 1493 1368 1542 een

188 1610 300 1703 enige
327 1608 383 1680 als
410 1607 496 1679 vele
523 1607 764 1679 menschen'’
793 1619 982 1698 verterat,
1011 1604 1239 1701 postm0d0‚
1263 1628 1368 1677 erro-

188 1763 270 1812 rem
306 1740 426 1812 credo
461 1740 672 1836 detegens,
699 1743 737 1811 in
764 1740 1015 1835 Corrigendis
1044 1739 1302 1833 „wederstaat
1328 1764 1368 1811 zo

187 1872 363 1969 lz'chtelzj'k
399 1873 474 1944 veel
511 1875 715 1963 menschen,
756 1874 814 1944 als
851 1899 911 1945 cen
944 1874 1077 1968 cnz'gc''
1112 1874 1367 1966 transposuit,

188 2017 388 2077 auctorem
416 2008 541 2100 ipsum
563 2009 829 2102 potiusquam
844 2006 932 2099 Ms,
956 2010 1113 2101 opinor,
1142 2005 1366 2077 emendans.

237 2270 326 2343 ibid.
357 2290 413 2363 53,
442 2271 560 2345 dem:
590 2282 703 2364 „tum
731 2273 821 2344 nihil
848 2272 948 2346 aliud
971 2277 1230 2368 concipimus,
1252 2298 1367 2370 quam

188 2404 294 2500 quod
321 2403 437 2476 homo
465 2428 507 2477 se
534 2407 660 2499 ipsum
683 2405 865 2478 distincte
881 2406 1057 2503 intelligit
1071 2410 1157 2501 (per
1170 2407 1284 2502 Prop.
1302 2410 1366 2500 26,

187 2536 332 2633 hujus),
361 2537 466 2633 quod
492 2541 611 2632 ipsius
637 2539 779 2634 agendi
807 2544 983 2634 potentia
1004 2540 1194 2637 juvatur.''

236 2670 364 2762 Low,
388 2673 505 2743 etiam
528 2695 551 2744 a
571 2671 616 2743 L.
631 2684 803 2766 tentato,
818 2677 972 2747 unicam
986 2675 1178 2748 medelam
1193 2675 1367 2749 attulisse

187 2803 340 2876 videtur
361 2804 427 2878 Vs.
452 2807 508 2878 Β.;
535 2865 554 2899 ,,
565 2852 612 2860 -
633 2807 710 2879 dan
724 2807 792 2880 dat
807 2808 857 2881 de
871 2810 1030 2882 mensch
1045 2810 1127 2882 zich
1142 2809 1219 2882 zelf
1229 2809 1369 2883 onder-

188 2936 412 3032 scheidelijk
445 2951 633 3031 verstaat,
670 2940 714 3013 of
746 2942 921 3036 (volgens
955 2943 1004 3015 de
1039 2921 1367 3038 zesentwintigste

188 3067 439 3161 voorstelling
472 3091 546 3140 van
579 3069 636 3142 dit
670 3072 773 3167 deel)
801 3073 869 3145 dat
895 3078 964 3169 zijn
990 3099 1201 3171 vermogen
1228 3101 1302 3149 van
1329 3088 1369 3148 te
1429 3107 1430 3110 ¹

189 3197 348 3269 werken
385 3198 579 3293 geholpen
615 3204 753 3275 word''
795 3208 816 3276 i.
845 3229 877 3277 e.
920 3205 1135 3298 „distincte
1174 3210 1367 3305 intelligit,

187 3330 262 3400 sz'vc
288 3330 374 3425 (per
400 3331 514 3426 Prop.
543 3337 606 3427 26,
634 3335 760 3432 hujus)
788 3337 893 3434 quod
920 3340 1069 3432 ipsius’'
1097 3353 1273 3439 etqseqq.

237 3463 324 3556 Qua
347 3469 593 3540 correctione
616 3482 656 3541 et
679 3474 873 3544 sententia
895 3484 1003 3544 recte
1026 3473 1206 3567 procedit
1227 3487 1266 3547 et
1281 3499 1368 3569 pro-

188 3600 329 3690 positio
369 3602 488 3672 citata
522 3605 661 3698 migrat
695 3606 733 3675 in
765 3605 926 3677 alteram
954 3608 1172 3679 sententiae
1198 3620 1367 3702 partem,

188 3752 264 3825 quo
291 3730 397 3805 sacto
425 3738 582 3807 omnino
611 3761 709 3831 opus
737 3751 831 3811 erat.

238 3997 327 4070 ibid.
371 4001 433 4092 58,
474 4001 612 4074 schol.:
654 4016 803 4101 „atque
842 4007 963 4098 ade0,
1004 4010 1075 4080 nisi
1116 4018 1369 4080 conservetur

188 4127 309 4222 fama,
338 4134 416 4205 cito
444 4133 668 4207 abolescit.''

236 4262 384 4336 Notatu
411 4266 588 4361 dignum,
615 4269 721 4364 quod
748 4270 814 4344 Vs.
837 4272 878 4344 B.
907 4272 1199 4366 „observetur”
1228 4272 1368 4368 legisse

188 4395 350 4488 videtur,
390 4401 534 4494 quippe
573 4424 671 4498 quae
708 4402 805 4475 haec
841 4405 1001 4478 habeat:
1038 4429 1119 4498 „en
1146 4406 1369 4480 dieshalven
