3120 5070
771 479 816 569 58

202 699 356 772 Etenim
384 702 415 773 si
441 699 681 795 autographa
707 697 919 791 Spinozae,
947 707 1140 790 quatenus
1166 694 1282 767 hodie
1311 719 1380 767 ex-

204 844 307 904 stant
330 845 369 905 et
391 836 430 904 in
448 832 618 904 editione
633 831 796 926 Hagana
810 832 913 924 typis
927 852 1117 923 expressa
1132 840 1240 920 sunt,
1263 840 1380 923 atque

203 968 445 1060 potissimum
484 989 550 1058 ea,
595 987 694 1059 quae
733 963 901 1058 Spinoza
941 962 991 1035 ad
1030 966 1195 1034 amicum
1236 961 1380 1035 Olden-

203 1099 378 1193 burgium
411 1098 644 1193 perferenda
670 1110 893 1190 curaverat,
922 1122 1009 1169 cum
1035 1097 1108 1169 Ed.
1135 1097 1314 1190 Principe
1342 1109 1382 1169 et

204 1231 314 1305 Vers.
341 1232 496 1328 Belgica
518 1255 807 1328 comparamus,
831 1235 955 1335 primo
979 1233 1117 1304 intuitu
1136 1242 1265 1326 patet,
1289 1233 1382 1305 satis

204 1364 428 1460 frequenter
460 1370 498 1439 in
533 1367 782 1462 autographis
817 1366 1000 1439 nonnulla
1027 1388 1254 1457 occurrere,
1282 1387 1382 1459 quae

204 1521 328 1593 aeque
365 1500 403 1569 in
436 1499 508 1571 Ed.
534 1499 594 1570 Pr.
622 1510 662 1570 et
688 1501 726 1570 in
753 1498 818 1571 Vs.
846 1499 887 1570 B.
916 1498 1197 1571 desiderantur.
1224 1498 1298 1569 Ex.
1325 1520 1381 1592 gr.

205 1656 265 1727 ep.
300 1632 351 1704 VI
385 1645 425 1705 et
451 1633 615 1725 XXXII,
643 1656 804 1728 quarum
830 1644 937 1706 totus
963 1633 1049 1705 finis
1075 1644 1277 1704 truncatus
1304 1644 1364 1706 est
1373 1661 1381 1725 ;

204 1768 313 1840 XLV
348 1780 388 1840 et
419 1768 560 1861 XLVI,
588 1792 749 1863 quarum
776 1771 1029 1862 postscripta,
1057 1790 1157 1862 quae
1184 1767 1381 1859 dicuntur,

206 1914 358 1975 resecta
380 1925 467 1974 esse
488 1913 688 1996 apparent.
712 1901 810 1974 Cum
831 1913 961 1973 autem
984 1902 1081 1973 haec
1104 1913 1143 1973 et
1157 1901 1249 1993 alia,
1273 1903 1383 1997 quasi

205 2038 398 2108 communi
427 2035 595 2130 quodam
622 2037 802 2129 consilio,
830 2048 870 2108 et
897 2036 945 2108 ab
971 2035 1044 2108 Ed.
1071 2037 1132 2108 Pr.
1162 2047 1201 2108 et
1223 2034 1325 2108 aVs.
1341 2034 1381 2106 B.

206 2193 329 2265 aeque
357 2171 503 2264 absint,
531 2194 667 2264 porro,
696 2195 783 2242 cum
799 2173 941 2243 omissa
955 2170 1037 2243 lere
1052 2170 1142 2242 nihil
1156 2172 1384 2242 contineant

205 2306 276 2376 nisi
321 2327 384 2377 res
422 2304 648 2398 familiares,
694 2305 950 2397 domesticas,
989 2305 1168 2399 politicas
1207 2326 1382 2398 quoque,

206 2438 369 2530 scilicet,
396 2463 492 2534 quas
512 2439 763 2534 phiIosophus
785 2439 845 2512 vel
866 2451 980 2512 caute
1003 2439 1132 2512 celare
1146 2449 1309 2532 cuperet
1323 2437 1384 2508 vel

206 2571 383 2643 modeste
410 2572 492 2644 aliis
518 2572 728 2644 obtrudere
755 2573 892 2666 nollet,
921 2572 1008 2645 hinc
1032 2575 1207 2668 sequitur
1226 2574 1383 2644 omnino

206 2705 410 2776 verisimile
450 2727 537 2777 esse
576 2707 705 2776 omnia
744 2705 822 2798 illa,
859 2729 959 2800 quae
994 2706 1065 2778 Ed.
1093 2687 1153 2777 Pr.
1183 2717 1222 2778 et
1248 2705 1314 2778 Vs.
1341 2705 1382 2776 B.

206 2840 350 2932 pariter
373 2828 574 2930 omittunt,
597 2840 714 2910 etiam
737 2839 785 2911 ab
800 2839 990 2933 exempIIs
1005 2842 1098 2934 ipsis
1113 2840 1382 2934 epistularum,

206 2992 229 3042 a
263 2970 329 3065 Sp.
364 2971 469 3043 domi
502 2975 680 3064 servatis,
716 2971 877 3065 afuisse,
909 2975 989 3045 sive
1018 2975 1175 3045 omnino
1202 2973 1383 3065 aberant,

207 3107 286 3176 sive
307 3105 437 3178 deleta
460 3117 587 3199 erant,
612 3109 692 3179 sive
715 3107 844 3200 potius
868 3106 978 3202 signo
1001 3106 1135 3179 addito
1158 3118 1296 3178 auctor
1311 3107 1384 3200 sig·

206 3237 450 3332 nificaverat,
477 3264 577 3335 quae
603 3241 782 3336 evulgata
810 3240 940 3312 nollet.
963 3241 1096 3336 Itaque
1119 3240 1232 3312 facile
1253 3262 1383 3313 assen-

207 3374 313 3444 tiarIs
352 3372 464 3445 Land
501 3373 704 3445 affirmanti
736 3374 768 3470 1)
809 3374 995 3467 epistulas
1033 3398 1056 3446 a
1095 3375 1264 3468 Spinoza
1298 3377 1384 3468 ipso

208 3506 388 3599 selectas,
423 3520 625 3603 purgatas,
659 3508 811 3580 futurae
839 3508 1006 3602 denique
1035 3509 1196 3580 editioni
1222 3531 1384 3602 praepa-

206 3650 310 3712 ratas
331 3663 438 3733 esse,
462 3641 498 3736 2)
521 3643 575 3713 ita
597 3653 639 3713 ut
660 3643 774 3713 amici
795 3653 884 3735 post
905 3644 987 3715 eius
1000 3654 1167 3715 mortem
1182 3645 1220 3713 in
1235 3643 1383 3714 scriniis

247 3960 275 4037 1)
307 3963 342 4019 In
370 3962 467 4021 Versl.
490 3981 528 4020 en
556 3963 676 4022 Meded.
699 3964 752 4021 der
773 3965 855 4022 Kon.
877 3963 976 4022 Akad.
999 3983 1026 4022 v.
1049 3965 1125 4022 Wet.
1147 3964 1223 4022 Ald.
1245 3965 1313 4022 Lett
1343 3965 1388 4036 II,

204 4078 238 4134 9,
270 4079 336 4136 pag.
372 4081 443 4133 144,
473 4080 572 4136 seqq:
603 4063 711 4132 „Over
738 4063 777 4120 de
804 4072 899 4120 eerste
927 4061 1070 4137 uitgaven
1098 4062 1151 4120 der
1179 4061 1308 4120 Brieven
1329 4079 1388 4119 van

204 4156 363 4232 SpInoza.'’
390 4160 426 4215 In
454 4177 515 4233 qua
541 4158 751 4218 dissertatione
778 4160 869 4218 docet
896 4161 1000 4232 Land,
1028 4158 1060 4217 iu
1081 4159 1292 4235 autographis,
1312 4177 1391 4235 quae

204 4256 425 4315 Amstelodami
446 4267 645 4330 asservantur,
668 4277 811 4334 apparere
828 4258 928 4315 adhuc
949 4258 1044 4316 lineas
1062 4256 1146 4331 illas,
1163 4257 1275 4333 quibus
1292 4266 1390 4334 partes

204 4353 390 4412 omittendae
410 4354 624 4412 indicarentur.

247 4451 276 4527 2)
298 4452 397 4510 Hqus
419 4454 603 4510 emendandi
624 4455 737 4512 laboris
756 4457 929 4530 exemplum
948 4473 1012 4513 esse
1030 4463 1128 4530 potest
1139 4473 1185 4530 ep.
1199 4455 1289 4525 VIII,
1307 4452 1393 4512 cuius
