3120 5070
780 471 828 559 76

261 688 350 760 ibid.
389 707 453 781 50,
488 689 609 762 dem:
646 735 721 782 „-
758 714 873 785 quam
907 689 995 762 vide
1030 714 1106 761 una
1141 714 1229 761 cum
1259 689 1388 762 Schol.

211 821 493 916 Propositionis
525 824 566 893 18
593 822 739 918 hujus.''

260 954 418 1051 lniunge
446 979 565 1047 „cum
593 957 700 1029 schol
728 959 784 1028 2.''

258 1220 348 1292 ibid.
383 1220 459 1292 Aff.
496 1221 571 1294 del.
614 1245 642 1314 1,
678 1223 802 1316 expl:
839 1226 951 1315 „sive
979 1247 1026 1296 ea
1053 1227 1101 1296 sit
1129 1227 1279 1314 innata,
1308 1225 1388 1295 sive

209 1354 314 1450 quod
353 1357 437 1449 ipsa
470 1379 540 1449 per
576 1356 698 1428 solum
735 1355 1008 1452 Cogitationis,
1045 1360 1125 1430 sive
1160 1380 1231 1452 per
1265 1356 1388 1429 solum

209 1486 461 1560 Extensionis
482 1489 707 1562 attributum
723 1493 982 1585 concipiatur,
1007 1493 1086 1563 sive
1102 1490 1270 1585 denique
1283 1488 1389 1585 quod

208 1620 259 1692 ad
286 1633 491 1716 utrumque
520 1622 630 1694 simul
656 1622 882 1695 reseratur.''

257 1754 297 1826 ln
336 1757 444 1828 initio
483 1756 686 1828 antithesis
725 1756 967 1852 aliquatenus
1007 1755 1216 1849 claudicat,
1256 1759 1388 1851 itaque

207 1886 402 1959 audienda
438 1900 522 1960 erat
548 1888 613 1960 Vs.
642 1889 699 1979 B,
735 1912 835 1984 quae
863 1889 959 1962 haec
987 1890 1161 1963 exhibet:
1190 1890 1242 1982 „'t
1268 1892 1308 1983 zij
1338 1888 1387 1961 de

207 2019 332 2093 zelfde
374 2022 604 2116 ingeboren,
638 2023 683 2118 os
710 2048 783 2094 van
811 2023 937 2094 butten
964 2024 1225 2118 aangekomen,
1254 2022 1298 2094 of
1321 2021 1388 2131 dat

207 2155 248 2249 zij
276 2154 508 2250 alleenlijk,”
533 2168 607 2228 etc.
632 2159 653 2227 i.
678 2180 710 2228 e.
735 2159 847 2249 „sive
869 2180 917 2229 ea
939 2160 988 2230 sit
1010 2160 1141 2229 innata
1162 2158 1236 2227 sive
1256 2155 1387 2227 adven-

207 2288 333 2360 tz'cz'a.”
362 2289 511 2382 Quibus
538 2290 665 2362 verbis
692 2291 846 2362 insertis
872 2292 947 2362 iam
975 2302 1084 2362 recto
1107 2290 1185 2361 talo
1209 2289 1388 2383 procedit

206 2425 341 2494 oratio.

256 2688 345 2762 ibid.
380 2688 441 2760 aff.
470 2688 546 2761 def.
580 2712 632 2761 11:
662 2691 819 2782 „lrrisio
847 2701 906 2762 est
932 2689 1101 2762 Laetitia
1127 2701 1213 2762 orta
1240 2713 1291 2762 ex
1318 2714 1386 2783 eo,

208 2821 314 2918 quod
350 2822 513 2919 aliquid,
549 2821 654 2918 quod
689 2824 974 2894 contemnimus
1009 2825 1046 2893 in
1073 2846 1132 2914 re,
1161 2847 1276 2918 quam
1304 2823 1385 2895 odi-

207 2979 307 3046 mus,
336 2959 372 3028 ei
399 2959 527 3028 inesse
555 2957 842 3050 imaginamur.''

258 3089 359 3161 Male
381 3090 477 3161 haec
500 3092 807 3184 interpunxisse,
832 3088 975 3161 deinde
997 3113 1214 3184 pronomen
1237 3102 1384 3163 temere

206 3223 408 3318 supplesse
434 3223 612 3296 videntur
639 3223 728 3296 edd.
752 3235 865 3315 vett,
890 3224 1054 3296 testibus
1076 3223 1141 3296 Vs.
1165 3224 1205 3294 B.
1230 3236 1269 3295 et
1288 3248 1386 3319 quos

206 3356 283 3428 vidi
309 3359 555 3451 interpretes.

255 3489 485 3585 Legendum
518 3490 689 3562 videtur:
727 3491 863 3586 „quod
890 3489 1050 3586 aliquid,
1078 3490 1184 3586 quod
1211 3503 1384 3562 contem-

206 3626 350 3716 nimus,
374 3626 412 3695 in
439 3647 498 3716 re,
527 3648 642 3719 quam
661 3624 839 3716 odimus,
867 3626 994 3696 inesse
1023 3625 1310 3719 imaginamur.''
1423 3697 1426 3702 .

254 3756 319 3828 Vs.
347 3756 408 3827 B.:
438 3756 536 3848 „dat
563 3761 619 3853 wij
648 3782 718 3830 ons
746 3757 953 3830 inbeelden
979 3757 1047 3829 dat
1068 3758 1097 3829 'r
1118 3761 1211 3849 iets,
1235 3758 1262 3828 ‘t
1285 3756 1385 3828 welk

205 3892 260 3984 wij
289 3890 518 3982 verachten,
546 3892 584 3959 in
611 3913 685 3962 een
712 3890 808 3962 zaak
834 3893 885 3983 is,
914 3891 977 3962 die
1004 3895 1060 3986 wij
1089 3891 1241 3964 haten.”

254 4155 343 4228 ibid.
381 4154 442 4227 aff.
478 4154 554 4226 del.
582 4157 650 4246 48,
679 4155 840 4249 explic:
869 4155 999 4247 „Nam
1026 4180 1164 4230 avarus
1191 4159 1230 4227 in
1256 4156 1383 4229 cibum

205 4299 245 4358 et
274 4299 409 4381 potum
436 4286 602 4360 alienum
630 4289 870 4383 ingurgitare
895 4289 1122 4385 plerumque
1150 4289 1382 4361 desiderat.''

255 4419 295 4492 Si
329 4423 411 4492 iure
447 4423 484 4491 in
511 4424 640 4515 priore
667 4434 778 4516 parte
806 4421 1014 4516 Spinozam
1041 4422 1192 4517 linguae
1219 4423 1384 4496 Latinae
