3120 5070
758 461 801 530 18

183 684 316 778 viginti
344 705 467 754 annos
494 692 607 754 natus
634 679 685 753 ad
711 680 905 753 elementa
931 680 1084 776 linguae
1112 680 1276 752 Latinae
1301 705 1367 753 ac-

184 817 355 907 cessisti,
396 816 522 908 spatio
563 813 727 886 duorum
768 837 956 886 annorum
997 812 1047 885 ad
1082 825 1162 886 tam
1195 816 1368 887 intimam

186 950 361 1021 notitiam
401 948 552 1043 linguae
592 947 757 1019 Latinae
797 959 837 1019 et
871 947 1153 1019 elementorum
1189 947 1368 1022 Graecae

184 1093 394 1176 provectus
420 1105 482 1174 eS,
506 1092 549 1153 ut
571 1085 650 1152 non
671 1091 821 1152 tantum
840 1080 942 1152 illam
966 1081 1173 1153 emendate
1197 1081 1368 1153 scribere

186 1225 225 1287 et
271 1214 392 1310 loqui,
443 1212 514 1286 sed
558 1215 675 1285 etiam
720 1213 818 1286 hanc
864 1214 1107 1309 aliquatenus
1142 1213 1369 1309 intellegere

186 1349 360 1422 valeas’'.
393 1348 426 1444 ι)

235 1483 310 1576 Qui
345 1481 454 1555 locus
489 1484 582 1555 satis
618 1479 878 1555 memorabilis
914 1492 993 1574 est,
1030 1504 1119 1553 cum
1154 1493 1195 1553 et
1222 1483 1368 1575 optime

186 1614 350 1687 illustret
381 1639 627 1688 communem
654 1616 805 1688 illorum
832 1627 1052 1710 temporum
1080 1612 1370 1709 propaedeusin

185 1731 426 1844 gradumque
449 1747 695 1842 eruditionis,
720 1747 770 1821 ad
792 1771 909 1845 quem
930 1746 1093 1820 studiosi
1108 1749 1268 1820 iuvenes
1282 1771 1370 1842 pro-

186 1880 273 1954 vehi
308 1880 498 1975 solerent,
527 1892 567 1954 et
593 1893 800 1975 praeterea
826 1884 972 1974 omnia,
1000 1904 1100 1977 quae
1128 1879 1177 1953 de
1204 1882 1371 1976 egregiis

185 2014 426 2108 profectibus
453 2014 552 2087 duce
580 2041 613 2087 v.
643 2015 679 2087 d.
703 2013 843 2086 Enden
857 2013 1045 2087 faciendis
1060 2013 1304 2106 exhibentur,
1320 2012 1371 2085 ad

187 2147 414 2243 Spinozam,
438 2170 565 2243 neque
585 2146 689 2219 illum
708 2145 875 2241 vulgaris
896 2149 1038 2242 ingenii
1057 2146 1370 2238 adulescentem,

187 2283 328 2377 quique
376 2303 446 2374 per
495 2281 662 2373 spatium
707 2278 831 2351 altero
875 2290 985 2351 tanto
1024 2281 1147 2352 maius
1185 2281 1371 2374 magistro

189 2412 386 2504 adfuerat,
414 2424 518 2503 tute,
548 2411 687 2505 cred0,
714 2410 901 2506 applicari
927 2414 1088 2505 possint.

235 2545 374 2618 Restat
399 2569 517 2616 unum
545 2558 585 2617 et
611 2545 796 2638 alterum,
825 2545 930 2642 quod
957 2543 1248 2641 quodammodo
1275 2543 1369 2616 facit

190 2678 240 2750 ad
274 2676 540 2750 illustrandam
575 2677 768 2772 Spinozae
804 2680 982 2772 peritiam
1009 2678 1150 2750 Latine
1177 2677 1372 2750 scribendi

188 2811 356 2908 ideoque
387 2813 523 2905 paucis
549 2810 844 2883 memorandum
871 2812 1035 2883 videtur.
1064 2811 1239 2905 Quorum
1267 2813 1373 2905 prius

189 2955 250 3018 est
283 2944 392 3018 locus
426 2943 488 3016 ille
523 2967 642 3038 saepe
675 2947 859 3040 agitatus,
887 2947 952 3041 qui
978 2945 1118 3041 legitur
1143 2946 1182 3015 in
1207 2942 1374 3038 epistula

188 3079 238 3151 ad
264 3078 508 3174 Blyenbergh
535 3078 647 3150 XIX:
676 3079 746 3173 „ik
773 3078 972 3152 wenschte
999 3078 1090 3170 wel,
1114 3078 1181 3150 dat
1203 3077 1242 3148 ik
1264 3079 1303 3148 in
1323 3074 1373 3148 de

186 3212 283 3305 taal,
310 3236 414 3284 waar
439 3235 525 3284 mee
553 3212 593 3283 ik
620 3237 671 3307 op
694 3212 884 3309 gebrocht
906 3213 1003 3305 ben,
1026 3211 1158 3284 mocht
1173 3209 1372 3306 schrijven.

149 3333 153 3338 ’
188 3346 228 3417 ik
263 3369 344 3418 sow
376 3346 557 3443 mogelijk
591 3350 680 3442 mijn
711 3345 906 3442 gedaghte
941 3346 1080 3418 beeter
1104 3345 1262 3416 konnen
1289 3354 1374 3437 uyt-

190 3478 378 3551 drukke.’'
427 3478 499 3551 Cui
547 3483 725 3575 petitioni
772 3480 987 3573 respondet
1023 3476 1268 3572 Blyenbergh
1300 3475 1373 3569 Ep.

189 3611 276 3683 XX.
299 3611 500 3686 Versionis
522 3613 724 3709 Belgicae,
746 3614 861 3708 (quae
882 3615 965 3707 ipsa
983 3611 1037 3682 Bl.
1052 3611 1172 3683 verba
1186 3609 1374 3682 exhibere

228 3841 255 3918 1)
277 3844 357 3901 Ecce
377 3843 471 3902 verba
492 3842 557 3919 ipsa
578 3841 666 3902 Frisii
687 3842 853 3922 (Meinsma
872 3863 901 3920 p.
927 3842 1014 3920 139):
1037 3844 1149 3916 „Want
1169 3841 1225 3900 wie
1243 3860 1299 3900 zou
1317 3840 1380 3900 niet

184 3940 404 4014 bewonderen,
423 3942 475 4000 dat
486 3940 525 4018 gij
540 3960 579 4017 op
591 3939 840 4016 achttienjarigen
852 3939 966 4015 leeftijd
977 3940 1141 4016 begonnen
1154 3940 1192 3999 de
1202 3937 1380 4014 beginselen

185 4038 239 4096 der
265 4038 426 4113 latiJ'nsche
447 4041 507 4097 taal
528 4048 558 4098 te
578 4039 695 4112 leeren,
715 4037 748 4096 in
770 4056 844 4096 eene
866 4037 1033 4114 tijdruimte
1055 4056 1115 4096 van
1138 4049 1211 4097 twee
1229 4038 1315 4112 jaren
1336 4046 1382 4095 tot

185 4153 239 4194 een
260 4155 317 4195 zoo
339 4138 512 4196 volmaakte
533 4135 642 4195 kennis
664 4155 725 4195 van
746 4137 798 4195 het
819 4136 920 4212 Latijn
942 4155 980 4195 en
1001 4136 1040 4194 de
1058 4135 1234 4212 beginselen
1252 4153 1311 4192 van
1329 4135 1382 4193 het

185 4222 332 4292 Grieksch
363 4236 513 4311 gekomen
542 4234 610 4310 zijt,
640 4235 692 4294 dat
719 4233 759 4310 gij
783 4234 821 4292 de
843 4244 938 4294 eerste
959 4235 1020 4292 taal
1041 4232 1105 4292 niet
1125 4234 1224 4292 alleen
1245 4230 1381 4290 onberis·

184 4331 277 4406 pelijk
304 4331 456 4407 schrijven
478 4351 515 4391 en
536 4335 665 4408 spreken
686 4334 777 4405 kunt,
800 4332 881 4391 doch
903 4334 963 4393 ook
984 4332 1022 4391 de
1042 4331 1155 4391 andere
1177 4329 1382 4406 eenigermate

184 4428 371 4505 begrijpen.”
