3120 5070
754 495 797 568 73

232 691 298 761 Vs,
325 690 365 760 Β.
396 689 572 763 exhibet:
603 691 689 782 „als
715 690 782 762 het
809 691 991 786 uitterlijk
1019 691 1185 786 lzglraam
1206 690 1283 763 zelf
1301 691 1366 762 het

187 823 436 919 menschelijk
462 823 626 919 lighaam
653 848 704 918 op
731 827 844 920 enige
867 825 1007 896 zekere
1029 827 1133 920 wijze
1154 823 1364 919 bepaald”‚

185 970 360 1030 ceterum
384 981 432 1029 ne
455 960 508 1030 ita
529 957 685 1054 quidem
707 959 826 1031 verba
840 958 906 1053 Sp.
922 969 1030 1030 recte
1045 958 1290 1052 intellegens,
1314 959 1366 1028 ita

184 1103 226 1161 ut
253 1093 461 1184 suspiceris
488 1093 605 1162 etiam
631 1077 815 1164 Editores
841 1102 996 1163 veteres
1022 1091 1149 1163 locum
1177 1114 1255 1162 non
1280 1112 1366 1184 per-

185 1227 363 1318 spexisse
377 1235 417 1295 et
431 1226 537 1318 prius
555 1282 580 1316 v„
591 1247 734 1318 corpus
745 1224 765 1251 ”
784 1235 921 1318 utpote
937 1222 1138 1296 abundans
1153 1222 1364 1296 sustulisse.

233 1491 322 1563 ibid.
360 1494 424 1583 26,
461 1490 581 1563 dem:
614 1536 690 1583 ,‚—
727 1503 889 1563 eatenus
924 1492 1009 1587 (per
1043 1514 1153 1585 prop.
1186 1492 1229 1561 [ὁ
1255 1489 1366 1584 hujus

186 1648 274 1696 cum
302 1624 444 1697 Coroll.
473 1624 699 1720 ejusdem).’'

234 1758 518 1855 Corrigendum
540 1758 693 1831 videtur
712 1782 824 1851 „cum
841 1757 982 1830 Coroll.
1003 1779 1015 1828 1
1035 1755 1244 1853 ejusdem.'’
1260 1756 1365 1828 Idem

186 1896 318 1964 vitium
346 1893 498 1966 sustulit
524 1892 637 1965 Land
665 1892 714 1965 ad
741 1893 788 1985 ll,
816 1910 875 1985 47,
904 1892 1004 1965 dem.

234 2158 323 2231 ibid.
351 2176 417 2250 35,
440 2157 579 2230 schol:
606 2216 625 2250 „
637 2202 682 2212 -
702 2159 766 2253 qui
781 2156 884 2230 aliud
894 2159 1063 2252 jactant,
1083 2159 1234 2229 animae
1249 2156 1365 2229 sedes

187 2303 227 2364 et
253 2291 472 2363 habitacula
497 2290 663 2386 fingunt,
691 2290 752 2362 vel
773 2291 891 2362 risum
914 2288 975 2361 vel
998 2313 1183 2362 nauseam
1206 2313 1365 2362 movere

186 2425 346 2497 solent.'’

234 2557 382 2630 Durum
422 2557 640 2651 asyndeton
680 2569 720 2628 et
759 2556 1061 2649 subobscurum,
1098 2579 1225 2653 neque
1252 2556 1364 2629 facile

185 2691 344 2784 dixeris,
385 2716 461 2788 qua
500 2691 549 2764 de
583 2715 700 2764 causa
736 2703 873 2764 auctor
908 2690 946 2762 id
972 2690 1212 2763 adhibiturus
1238 2689 1364 2762 fuerit.

185 2826 435 2901 Inserendum
464 2827 617 2899 videtur
645 2829 821 2919 „iactant
847 2835 880 2897 et
907 2825 1102 2916 animae”‚
1131 2823 1236 2920 quod
1251 2823 1364 2917 pleri-

186 2982 261 3054 que
297 2961 532 3053 interpretes
568 2984 635 3032 sua
671 2971 811 3055 sponte
845 2963 1095 3032 iniunxerunt
1122 2970 1162 3029 et
1188 2958 1366 3051 agnoscit

186 3090 253 3162 Vs.
280 3090 341 3160 B.:
370 3091 610 3186 „Degenem
639 3091 702 3163 die
725 3091 867 3164 anders
888 3114 1136 3186 voorgeeven
1156 3102 1195 3163 te
1218 3101 1365 3181 neten,

183 3249 227 3294 en
254 3224 373 3296 zetels
400 3247 449 3296 en
477 3226 682 3319 woningen
709 3247 806 3297 voor
832 3223 880 3297 de
909 3224 979 3296 ziel
1006 3222 1269 3297 verdichten.”

235 3490 323 3563 ibid.
351 3511 408 3582 39.
438 3490 559 3585 Ipsius
587 3492 863 3584 propositionis
884 3490 1003 3563 verba
1018 3491 1173 3563 turbata
1187 3488 1367 3562 videntur

187 3635 226 3694 et
261 3625 315 3695 sic
351 3624 662 3719 transponenda:
700 3625 771 3718 „ld
805 3624 912 3721 quod
940 3623 1105 3718 Corpori
1132 3623 1299 3695 humano
1327 3634 1367 3693 et

188 3755 417 3850 quibusdam
464 3759 692 3852 corporibus
740 3760 933 3850 externis,
974 3780 996 3828 a
1036 3757 1173 3854 quibus
1214 3755 1367 3848 Corpus

186 3887 394 3960 humanum
434 3889 533 3962 affici
573 3891 690 3984 solet,
731 3914 937 3964 commune
977 3902 1038 3962 est
1072 3901 1113 3961 et
1147 3889 1366 3983 proprium,

187 4021 370 4118 quodque
404 4025 442 4093 in
477 4025 740 4120 cujuscunque
775 4024 912 4096 horum
947 4034 1057 4117 parte
1094 4043 1218 4117 aeque
1252 4042 1298 4091 ac
1329 4021 1367 4089 in

187 4166 271 4227 toto
307 4167 385 4248 est,
419 4157 502 4252 ejus
528 4159 645 4228 etiam
672 4157 761 4230 idea
787 4161 861 4230 erit
886 4160 924 4228 in
952 4155 1084 4226 Mente
1111 4152 1365 4247 adaequata.''

238 4288 348 4380 Quae
382 4291 575 4362 restitutio
603 4302 643 4361 et
670 4292 916 4384 perspicuam
944 4287 1108 4381 praebet
1134 4287 1367 4359 sententiam

188 4433 227 4492 et
255 4420 480 4494 sollemnem
508 4424 545 4493 in
572 4422 630 4493 his
657 4423 773 4495 rebus
799 4421 992 4515 Spinozae
1019 4418 1222 4492 formulam
1248 4415 1367 4488 refert
