3120 5070
753 497 798 550 22

184 697 387 770 Boxelium
413 700 550 771 missas
576 697 625 770 ab
652 700 738 793 ipso
765 698 934 793 Spinoza
959 698 1099 771 Latine
1122 721 1255 772 versas
1278 721 1369 772 esse

187 828 479 926 perhibuerunt,
507 834 660 904 unicam
686 835 799 927 epist.
827 832 908 926 LII,
935 855 1035 928 quae
1061 844 1122 905 est
1143 856 1166 905 e
1188 832 1369 905 brevissi-

187 967 278 1058 mis,
305 976 502 1062 tamquam
529 965 578 1037 ab
605 967 731 1037 amico
758 988 910 1038 versam
937 967 1149 1060 excipiunt.

237 1099 348 1192 Quae
387 1100 517 1170 omnia
555 1120 670 1194 quam
705 1121 842 1192 parum
877 1100 953 1170 sint
984 1099 1204 1171 verisimilia
1231 1111 1271 1170 et
1297 1121 1371 1192 per

189 1255 230 1304 se
266 1242 306 1305 et
339 1233 378 1303 in
412 1242 593 1323 auctore,
628 1255 744 1327 quem
771 1233 865 1304 satis
892 1244 1000 1305 recte
1027 1244 1067 1304 et
1094 1230 1302 1305 commode
1328 1242 1370 1304 et

188 1365 354 1438 fortasse
393 1366 636 1459 potissimum
670 1364 810 1437 Latine
847 1364 1083 1438 scribentem
1109 1364 1371 1460 deprehendi-

189 1522 291 1590 mus,
318 1500 524 1596 unicuique
551 1496 805 1576 manifestum¹
825 1520 913 1570 esse
941 1497 1108 1571 confido.

238 1630 389 1726 ltaque,
411 1632 442 1704 si
462 1632 537 1702 iam
552 1629 817 1703 concedamus
830 1629 913 1702 fieri
927 1633 1122 1725 potuisse,
1143 1643 1186 1704 ut
1200 1631 1372 1726 Spinoza

190 1788 252 1837 ex.
291 1788 347 1860 gr.
383 1765 432 1837 ab
468 1764 642 1858 epistulis
674 1763 964 1860 lllyenberghii,
991 1764 1152 1859 prolixis
1179 1777 1220 1837 et
1250 1764 1370 1838 taedii

190 1898 329 1992 plenis,
357 1897 497 1970 Latine
523 1897 721 1970 vertendis
747 1897 1007 1991 abhorruerit,
1036 1901 1089 1970 ita
1115 1909 1157 1970 ut
1183 1909 1273 1992 post
1287 1901 1372 1972 eius

190 2042 356 2103 mortem
388 2031 462 2103 hoc
491 2054 588 2104 onus
614 2033 748 2104 amicis
774 2031 1011 2124 incubuerit,
1038 2042 1079 2103 at
1104 2032 1182 2104 noli
1208 2032 1277 2105 tibi
1301 2031 1370 2103 fin-

190 2187 284 2259 gere
310 2175 511 2237 auctorem
538 2175 713 2237 nostrum
735 2176 815 2236 tam
830 2163 984 2237 difficile
998 2165 1117 2238 verba
1131 2188 1373 2260 congregan-

190 2309 286 2389 tem,
301 2308 459 2393 tamque
473 2296 666 2370 laboriose
680 2297 841 2370 Latinas
858 2300 1072 2371 sententias
1082 2298 1372 2391 excludentem,

191 2441 251 2523 ut,
287 2453 375 2502 cum
408 2454 596 2503 summam
624 2433 753 2524 operis
780 2433 863 2525 ipse
890 2430 1145 2524 confecisset,
1173 2455 1287 2504 unam
1310 2432 1371 2505 vel

192 2563 289 2636 duas
322 2562 468 2637 alineas
502 2562 667 2656 addere,
704 2563 853 2637 scilicet
886 2563 992 2660 quod
1024 2567 1158 2659 puncti
1184 2567 1374 2660 temporis

192 2719 291 2790 opus
317 2707 441 2789 esset,
468 2696 677 2791 resugeret.
710 2699 742 2792 1)

241 2826 372 2926 Atque
397 2829 495 2902 haec
521 2830 721 2903 hactenus.
745 2829 822 2902 lam
845 2833 876 2903 si
900 2855 966 2924 ea,
989 2854 1090 2927 quae
1113 2834 1152 2903 in
1166 2833 1372 2926 superiori-

192 2963 264 3036 bus
291 2962 590 3058 disputavimus,
617 2966 752 3058 paucis
780 2975 961 3059 repetere
987 2966 1095 3057 licet,
1122 2965 1218 3038 haec
1243 2967 1373 3038 conati

232 3188 259 3258 1)
289 3186 340 3245 Ad
367 3205 412 3263 ep.
441 3186 514 3245 XLI
537 3188 613 3246 haec
633 3198 762 3247 annotat
783 3189 834 3247 L.:
857 3190 919 3262 „In
942 3190 1027 3250 Vers.
1049 3189 1134 3264 Belg.
1155 3189 1264 3248 Latina
1285 3188 1381 3248 verba

187 3302 251 3342 non
272 3284 444 3346 afferuntur.
466 3284 558 3357 Quod
579 3294 679 3343 utrum
699 3284 770 3344 ideo
792 3285 937 3344 omissum
955 3284 1009 3359 sit,
1027 3286 1110 3360 quod
1128 3285 1277 3362 Spinozae
1294 3295 1377 3346 auto·

188 3383 326 3458 graphon
356 3382 576 3441 Hollandicum
607 3384 770 3457 haberent,
799 3403 838 3442 an
860 3393 983 3460 propter
1003 3382 1149 3459 epistulae
1169 3392 1380 3459 argumentum

188 3477 259 3537 satis
279 3477 488 3555 perspicuum,
517 3499 580 3539 non
601 3479 727 3556 liquet.”
749 3513 788 3524 -
810 3480 944 3540 Omnino
965 3490 1046 3539 recte
1067 3499 1132 3539 sese
1153 3481 1265 3540 habent
1286 3482 1380 3540 verba
1491 3523 1497 3534 .

189 3575 309 3649 ultima,
329 3575 441 3652 quippe
458 3595 535 3652 quae
551 3578 679 3637 alteram
689 3575 819 3635 innuant
829 3595 952 3636 causam
964 3596 1092 3654 eamque
1102 3577 1199 3656 magis
1210 3578 1379 3653 internam,

189 3692 243 3732 cur
272 3672 417 3750 interpres
443 3675 587 3734 lemmata
614 3675 664 3734 hic
691 3674 755 3733 illic
773 3675 884 3734 addere
905 3675 1071 3752 neglexerit
1078 3697 1086 3749 ;
1108 3675 1225 3735 scilicet
1245 3677 1318 3753 quia
1338 3677 1380 3737 ob

190 3771 335 3848 epistulae
368 3770 613 3848 perspicuitatem
644 3773 697 3831 vix
728 3791 804 3849 opus
836 3781 908 3834 erat.
940 3773 1041 3846 Quam
1067 3784 1148 3833 recte
1174 3785 1277 3834 autem
1303 3777 1380 3835 haec

189 3867 357 3945 suspicatus
378 3868 416 3928 sit
434 3870 539 3944 Land,
561 3871 609 3928 vel
629 3889 696 3947 epp.
719 3872 806 3929 LXII
817 3879 847 3928 et
857 3870 988 3929 LXVIII
1002 3871 1130 3948 probare
1140 3882 1282 3948 possunt,
1304 3891 1381 3949 quas

189 3966 297 4026 Latine
328 3966 516 4044 conscriptas
543 3966 631 4027 fuisse
658 3979 742 4027 certo
770 3967 882 4028 scimus
909 3987 967 4028 nec
994 3978 1097 4027 tamen
1118 3967 1207 4030 iniis
1228 3969 1381 4030 vertendis

191 4066 276 4128 Vers,
303 4066 388 4141 Belg.
409 4066 471 4124 ulla
492 4064 615 4125 exhibet
634 4067 794 4138 lemmata;
817 4065 962 4125 nimirum
983 4066 1055 4142 quia
1076 4064 1291 4144 simplicissimi
1312 4077 1382 4128 sunt

190 4162 369 4239 argumenti.
401 4165 547 4223 Attamen
577 4174 762 4242 quantopere
789 4165 882 4238 haec,
910 4183 988 4241 quae
1008 4163 1068 4223 iam
1091 4163 1296 4242 disputamus,
1317 4164 1381 4225 vim

191 4260 461 4320 demonstrativam
482 4261 633 4321 ratiocinii
653 4260 777 4340 prioriS,
799 4281 840 4321 sc.
863 4263 1008 4321 lemmata
1028 4261 1134 4321 addita
1153 4272 1206 4322 aut
1216 4261 1328 4323 omissa
1337 4262 1381 4322 in·

191 4355 293 4416 dicare
319 4356 490 4419 versionem
518 4379 536 4418 a
564 4360 694 4438 Spinoza
714 4360 781 4436 ipso
802 4369 854 4419 aut
875 4350 914 4419 ab
935 4359 1042 4419 amicis
1063 4361 1251 4436 confectam,
1278 4359 1379 4420 infrin-

190 4464 280 4532 gant,
301 4454 457 4516 neminem
478 4459 580 4536 fugere
600 4458 748 4520 existimo.
