3120 5070
549 1330 992 1433 APPENDIX.

233 1832 458 1926 Sequuntur
502 1831 576 1903 loci
616 1830 780 1926 aliquot,
821 1855 919 1926 quos
959 1835 998 1902 in
1037 1833 1365 1926 praecedentibus

185 1967 375 2060 attingere
403 1988 481 2036 non
507 1967 635 2059 potui,
664 1968 729 2059 qui
750 1976 882 2037 tamen
908 1965 1017 2037 brevi
1040 1969 1238 2038 mentione
1261 1966 1365 2061 digni

186 2121 272 2172 esse
300 2097 489 2170 videntur.

348 2451 559 2518 Tractatus
582 2452 639 2518 De
661 2451 885 2522 Intellectus
909 2455 1201 2522 Emendatione.

194 2707 196 2711 .
234 2687 292 2757 34.
333 2664 459 2737 Recte
498 2664 647 2736 Bruder
686 2668 740 2737 sic
780 2668 1096 2760 interpunxerat:
1134 2692 1244 2761 „non
1278 2692 1366 2742 esse

186 2822 304 2892 opus,
345 2809 387 2869 ut
426 2800 565 2887 sciam,
599 2799 704 2893 quod
740 2802 859 2871 sciam
895 2824 957 2873 me
984 2801 1120 2874 scire.''
1149 2800 1208 2874 Cf.
1236 2800 1366 2896 paullo

186 2931 299 3003 infra:
324 2955 459 3023 „nam,
483 2934 538 3003 uti
561 2931 821 3024 ostendimus,
846 2957 924 3005 non
947 2956 1046 3027 opus
1069 2945 1148 3026 est,
1168 2947 1211 3005 ut
1226 2936 1366 3027 sciam,

187 3064 292 3159 quod
319 3066 435 3137 sciam
463 3088 525 3136 me
553 3065 688 3137 scire.”
717 3064 898 3158 Comma,
927 3066 976 3138 ab
1002 3066 1074 3140 Ed.
1102 3067 1163 3138 Pr.
1191 3079 1232 3140 et
1254 3066 1368 3138 Land

188 3200 387 3290 omissum,
422 3201 461 3269 in
496 3221 613 3270 causa
645 3196 764 3270 fuisse
792 3197 932 3291 cred0,
961 3222 1031 3270 cur
1055 3200 1226 3273 nonnulli
1252 3202 1368 3271 inter-

187 3342 319 3424 pretes
347 3334 580 3403 sententiam
607 3355 685 3403 non
711 3330 826 3424 plane
848 3334 1018 3404 assecuti
1041 3355 1128 3404 esse
1151 3332 1367 3405 videantur.

238 3615 293 3688 54.
336 3597 470 3689 „idem
509 3596 801 3692 intelligendum
837 3609 897 3671 est
924 3596 973 3669 de
1001 3597 1222 3691 Chimaera,
1260 3601 1368 3693 cujus

187 3741 324 3802 natura
352 3733 524 3802 existere
551 3731 758 3825 implicat.”
1019 3728 1020 3732 ’

235 3862 395 3936 Frustra
417 3862 550 3957 Land,
575 3876 617 3936 ut
631 3867 879 3961 negationem
895 3889 1000 3957 „non
1012 3865 1032 3894 ''
1048 3867 1257 3958 insereret,
1280 3890 1368 3960 pro-

186 3999 340 4070 vocavit
365 3996 415 4068 ad
444 3995 539 4094 Cog.
569 3998 661 4070 Met.
689 3998 728 4071 ll.
761 4017 822 4090 12,
850 4000 927 4094 §ss
957 4001 1082 4090 „satis
1097 4010 1273 4091 constat,
1297 4023 1368 4073 nos

187 4127 237 4199 de
276 4129 378 4200 nulla
417 4153 459 4202 re
495 4142 628 4202 creata
661 4154 778 4226 posse
806 4130 958 4223 dicere,
988 4129 1094 4227 quod
1120 4133 1202 4226 ejus
1230 4143 1367 4204 natura

186 4261 377 4355 implicet,
420 4274 463 4334 ut
502 4286 525 4334 a
563 4266 739 4358 potentia
778 4263 852 4337 Dei
890 4263 1124 4337 destruatur.
1165 4264 1264 4337 Nam
1304 4268 1368 4361 qui

187 4404 425 4486 potestatem
464 4394 597 4467 habuit
636 4420 717 4469 rem
757 4395 934 4489 creandi,
976 4400 1093 4469 etiam
1129 4410 1367 4491 potestatem

1262 4531 1278 4598 5
