3120 5070
772 499 789 573 5

186 706 384 798 propriam
423 702 563 796 fuisse;
604 703 721 773 immo
760 703 798 772 in
833 701 994 773 aliorum
1022 703 1196 797 epistulis
1224 703 1274 776 ad
1302 703 1368 798 Sp.

185 838 289 911 datis
323 838 437 932 plane
473 835 648 908 eiusdem
679 837 834 931 generis
864 859 1018 910 errores
1045 837 1238 910 interdum
1266 841 1370 910 inve-

187 974 355 1044 niuntur.
386 971 451 1044 Sic
479 973 517 1040 in
543 970 663 1042 literis
692 967 962 1064 Oldenburgii,
991 993 1107 1064 quem
1134 983 1265 1043 tamen
1291 996 1370 1044 non

188 1116 338 1176 temere
377 1106 620 1199 ignorantiae
653 1103 714 1176 vel
749 1105 966 1197 imperitiae
1001 1103 1142 1176 Latine
1175 1104 1370 1177 scribendi

187 1261 346 1332 arguas,
382 1236 479 1309 haee
514 1237 712 1332 leguntur:
750 1261 809 1331 ep.
837 1236 923 1309 Vll:
957 1259 1226 1332 „magnopere
1254 1261 1369 1334 rog0,

188 1383 249 1464 ut,
278 1371 370 1466 quid
398 1394 515 1465 super
540 1371 611 1443 hac
639 1394 681 1443 re
709 1369 858 1442 consilii
880 1371 1015 1467 copres,
1038 1369 1129 1441 mihi
1153 1371 1369 1465 significare

186 1528 267 1576 non
305 1504 521 1599 graveris’';
561 1526 622 1598 ep.
650 1503 832 1574 XXXIII:
863 1527 944 1596 „ex
971 1503 1067 1576 urbe
1095 1504 1370 1578 Constantino-

186 1638 376 1732 politana,
416 1638 480 1709 cuz'
516 1637 631 1733 husus
670 1638 727 1708 rez'
758 1639 927 1708 maxime
965 1640 1136 1709 omnium
1163 1639 1369 1732 interest’';

186 1795 248 1866 ep.
276 1770 459 1842 LXXIV:
489 1770 597 1863 „Qui
624 1769 711 1842 huic
738 1769 844 1841 nodo
871 1769 1045 1842 adhiberi
1061 1771 1181 1867 possit
1202 1793 1369 1864 cuneuS,

185 1929 374 2000 perquam
409 1904 530 1977 ardua
564 1928 627 1978 res
654 1904 761 1977 dictu
787 1916 859 1977 est.
888 1903 948 1977 Tu
976 1904 1068 1999 quid
1094 1907 1180 2000 opis
1206 1904 1305 1977 hanc
1333 1906 1372 1976 in

187 2062 270 2110 rem
304 2037 557 2133 suppeditare
585 2048 723 2135 posses,
757 2039 858 2110 scire
893 2049 933 2109 et
968 2037 1120 2110 discere
1147 2037 1369 2132 pervelim.”

188 2171 308 2245 Simili
347 2171 466 2244 modo
505 2169 767 2243 Tschirnhaus
803 2193 863 2262 ep.
891 2169 1011 2244 LVII:
1041 2170 1114 2262 „Si
1140 2194 1191 2242 ex
1219 2170 1371 2244 duobus

187 2329 286 2378 unus
325 2303 469 2398 aliquid
508 2302 691 2392 affirmet,
730 2302 828 2373 alter
862 2324 956 2373 vero
991 2314 1126 2397 neget,
1162 2306 1300 2396 etita,
1329 2314 1372 2376 ut

187 2440 272 2533 ejus
305 2439 385 2509 sint
419 2438 584 2529 conscii,
612 2435 861 2529 loquantur'',
890 2447 1073 2531 etqseqq,
1101 2437 1166 2509 ubi
1194 2446 1237 2509 ut
1263 2462 1368 2510 com-

188 2573 404 2665 parativum
432 2593 520 2642 cum
547 2570 795 2641 coniunctivo
823 2567 1002 2663 effertur,
1038 2592 1139 2664 quae
1166 2594 1229 2644 res
1255 2570 1366 2644 Vers.

186 2705 382 2800 Belgicam
429 2705 529 2776 male
577 2702 757 2776 habuisse
802 2702 973 2797 videtur;
1019 2727 1137 2797 porro
1183 2703 1369 2778 Albertus

186 2838 331 2934 Burgh,
360 2862 421 2933 ep.
447 2837 589 2911 LXVII
617 2837 704 2934 (Ed.
731 2836 892 2933 Princl:
920 2840 1141 2931 ‚‚rationes‚
1170 2861 1269 2932 quae
1284 2838 1369 2911 reli-

185 2974 272 3067 quis
299 2972 551 3066 philosophiis
577 2995 655 3043 non
680 2980 771 3042 sunt
798 2993 1043 3063 communes,
1081 2970 1151 3044 sed
1179 2971 1250 3044 soli
1277 2983 1368 3044 tuae

185 3105 373 3200 applicari
392 3105 581 3203 possint'’,
606 3103 728 3200 (quod
747 3103 793 3175 L.
817 3106 936 3176 tacite
951 3106 1173 3177 correxisse
1186 3103 1366 3202 videtur),

187 3253 227 3321 et
253 3240 381 3336 paullo
409 3239 526 3311 infra:
556 3240 653 3332 „qui
680 3239 718 3308 in
745 3236 940 3310 Christum
966 3249 1172 3310 venturum
1199 3250 1265 3310 aut
1293 3241 1368 3310 iam

183 3383 332 3446 ventum
360 3372 611 3446 crediderunt
637 3383 704 3444 aut
731 3373 942 3443 etiamnum
965 3369 1165 3443 credunt”.
1188 3371 1367 3466 Denique

184 3508 354 3580 conferri
380 3518 513 3602 potest
539 3505 705 3601 epistula
730 3505 843 3577 LXX
870 3503 1078 3597 Schulleri,
1100 3506 1138 3574 in
1161 3527 1255 3599 qua,
1278 3529 1366 3578 cum

185 3643 303 3736 „styli
331 3642 540 3715 ruditatem
552 3641 571 3669 ”
588 3650 753 3712 excusat
767 3650 915 3731 auctor,
939 3637 1154 3710 notandum
1169 3650 1248 3732 est,
1273 3641 1364 3712 scri-

185 3774 313 3848 bentis
339 3774 625 3869 neglegentiam
654 3773 776 3845 ethic
800 3773 1012 3866 praecipue
1033 3772 1071 3840 in
1086 3772 1365 3843 consecutione

185 3919 406 4001 temporum
431 3907 587 3979 turbata
613 3927 815 4001 apparere.

235 4040 342 4113 Cave
367 4043 492 4134 igitur,
520 4063 569 4112 ne
596 4042 634 4110 in
660 4039 799 4111 talibus
826 4037 1021 4109 erroribus
1049 4038 1161 4110 nimis
1187 4035 1365 4109 absolute

185 4172 328 4268 aliquid
349 4175 461 4245 unius
481 4171 673 4267 Spinozae
693 4173 891 4267 proprium
912 4193 1121 4265 agnoscas,
1143 4194 1231 4242 cum
1247 4173 1364 4243 etiam

185 4306 246 4379 alii
282 4309 320 4378 in
345 4330 505 4402 prorsus
532 4305 668 4378 iisdem
694 4305 755 4377 vel
783 4307 821 4375 in
848 4304 1032 4377 similibus
1058 4315 1271 4398 peccantes
1298 4303 1366 4376 de-

185 4440 487 4534 prehendantur.
516 4440 603 4533 Qua
629 4441 668 4510 in
694 4463 736 4511 re
762 4440 802 4509 in
827 4439 1054 4510 memoriam
1080 4437 1363 4532 revocandum,
