3120 5070
757 431 802 501 32

186 624 284 696 illius
310 581 547 718 philosophi,
575 625 640 718 qui
668 645 730 695 res
757 621 944 695 humanas
964 633 1161 719 tamquam
1176 625 1374 698 naturales

186 756 441 851 contemplari
469 766 738 828 consueverat.

235 888 316 963 Sed
363 888 480 982 haec,
522 899 733 985 utcumque
772 912 860 962 sese
900 889 1063 982 habent,
1103 893 1220 963 missa
1258 890 1372 965 facio.

187 1022 304 1117 Quod
341 1033 472 1094 autem
510 1025 722 1117 praecipue
751 1025 789 1093 in
815 1022 912 1096 libro
940 1022 1001 1116 IV,
1029 1035 1069 1095 et
1096 1026 1135 1094 in
1161 1022 1373 1096 affectuum

184 1155 472 1228 definitionibus
498 1155 583 1228 libri
608 1155 672 1249 ΙΙΙ,
701 1155 849 1229 scilicet
877 1157 942 1229 ubi
969 1168 1107 1229 auctor
1130 1159 1236 1229 varia
1256 1156 1373 1230 affec-

184 1301 292 1361 tuum
323 1300 719 1384 generaenumerat,
756 1288 975 1385 distinguit,
1003 1289 1185 1383 illustrat,
1209 1291 1374 1385 plurima

186 1421 327 1494 indicia
371 1424 564 1495 interioris
610 1423 709 1494 illius
759 1423 1052 1496 consuetudinis
1092 1447 1180 1495 cum
1220 1425 1373 1497 comico

186 1566 413 1627 contractae
452 1566 493 1627 et
531 1559 694 1652 vestigia
734 1558 991 1650 reperiuntur,
1032 1579 1081 1629 ne
1121 1555 1161 1628 id
1196 1555 1373 1652 quidem,

187 1688 371 1782 perlectis
405 1691 469 1782 iis,
512 1713 612 1786 quae
645 1714 697 1762 ex
733 1691 890 1762 Bacone
922 1688 1138 1783 attulimus,
1173 1692 1373 1786 cuiquam,

188 1824 338 1916 opinor,
365 1824 503 1894 mirum
529 1821 733 1895 videbitur.
761 1823 892 1895 Habet
919 1824 1021 1894 enim
1047 1822 1121 1895 hoc
1148 1822 1373 1915 comoedia,

189 1964 231 2025 ut
252 1956 290 2024 in
311 1953 529 2027 hominibus
550 1958 588 2026 in
609 1979 766 2028 scenam
780 1955 1027 2050 ⁴proferendis
1042 1968 1233 2049 aetatum,
1256 1978 1375 2051 gene-

189 2089 259 2180 ris,
283 2087 482 2182 fortunae,
506 2113 656 2162 morum
680 2089 847 2186 denique
871 2089 1093 2163 discrimina
1114 2114 1229 2186 quam
1252 2091 1375 2160 maxi-

190 2243 252 2292 me
284 2220 466 2293 distincta
492 2234 532 2294 et
559 2225 784 2317 incorrupta
811 2245 967 2296 servare
994 2222 1163 2315 laboret,
1191 2225 1308 2295 immo
1332 2233 1374 2294 ut

190 2354 281 2425 talia
315 2367 452 2449 urgeat
482 2380 793 2453 nonnumquam,
828 2356 942 2450 „lere
978 2381 1066 2428 cum
1093 2355 1305 2448 excessu”,
1332 2366 1375 2427 ut

191 2498 251 2559 est
276 2486 380 2582 apud
406 2488 622 2581 Baconem,
650 2500 707 2582 et,
735 2487 827 2561 dum
852 2488 1021 2584 singulas
1048 2511 1236 2583 personas
1262 2510 1375 2582 prae-

192 2621 306 2714 cipuo
334 2619 487 2691 cuidam
515 2632 555 2692 et
582 2624 690 2717 quasi
718 2625 833 2696 unico
860 2625 953 2695 vitio
977 2622 1170 2694 obnoxios
1193 2632 1233 2693 et
1255 2620 1374 2693 oboe-

191 2751 344 2824 dientes
379 2751 564 2848 effingere
597 2765 721 2847 amat,
756 2757 949 2827 variorum
975 2757 1154 2828 vitiorum
1181 2752 1242 2826 vel
1269 2756 1375 2849 inge-

190 2886 341 2958 niorum
355 2896 552 2982 tamquam
568 2887 749 2982 exempla
763 2877 824 2960 vel
838 2899 955 2983 typos
969 2909 1191 2982 proponere
1206 2864 1373 2958 studeat.

190 3017 323 3114 ltaque
356 3017 428 3089 hac
456 3019 612 3114 quidem
640 3023 678 3091 in
703 3044 746 3093 re
774 3021 979 3093 comoedia
1006 3023 1099 3093 satis
1126 3021 1309 3093 convenit
1335 3030 1376 3090 et

191 3152 389 3244 conspirat
437 3175 524 3223 cum
570 3165 818 3248 argumento,
858 3152 964 3249 quod
1003 3153 1074 3226 sibi
1111 3155 1150 3224 in
1184 3151 1282 3225 libro
1324 3149 1375 3222 IV

190 3282 436 3356 tractandum
462 3284 693 3359 decreverat
719 3287 982 3382 philosophus.
1015 3289 1047 3382 1)

190 3492 415 3499 —

229 3597 257 3668 1)
278 3594 376 3654 Simili
396 3596 489 3654 modo
510 3595 542 3654 in
564 3598 712 3655 Tractatu
731 3596 878 3672 Politico,
898 3597 983 3657 cuius
994 3608 1208 3677 argumentum
1218 3595 1381 3675 praecipue

186 3690 324 3750 historias
355 3692 493 3769 respicit,
521 3693 635 3769 passim
663 3712 726 3753 non
753 3703 874 3754 tantum
897 3695 1079 3755 nominatim
1101 3714 1201 3754 rerum
1222 3695 1380 3771 scripturos

185 3790 356 3864 laudantur,
388 3792 442 3850 sed
472 3791 562 3850 etiam
591 3791 745 3851 interdum
775 3794 868 3853 verba
896 3793 962 3870 ipsa
982 3792 1234 3869 interiunguntur,
1256 3791 1382 3852 nomine

185 3888 269 3946 nullo
300 3887 462 3965 adscripto
491 3890 583 3963 Quod
610 3889 758 3966 imprimis
778 3890 810 3949 in
832 3890 941 3950 Tacito
963 3892 1077 3950 factum
1098 3909 1162 3949 esse
1184 3890 1312 3949 videtur.
1334 3892 1381 3949 Ex

186 4003 247 4060 quo
289 4004 383 4044 unum
424 3988 527 4045 locum
566 3988 801 4064 deprehendisse
829 3988 972 4047 videntur
1000 3987 1130 4047 editores
1161 3987 1296 4064 antiqui,
1328 3987 1382 4063 qui

186 4101 256 4140 eum
277 4083 411 4157 cursive,
433 4086 518 4143 nullo
539 4094 641 4143 tamen
654 4085 779 4145 nomine
790 4085 946 4162 adposito,
960 4095 1179 4162 expresserunt,
1191 4105 1231 4147 sc.
1244 4087 1320 4159 VH,
1334 4104 1381 4144 21.

187 4179 271 4239 Addi
297 4190 426 4257 possunt
454 4184 531 4256 VII,
559 4200 593 4257 7:
623 4183 730 4258 „unde
752 4184 878 4242 domum
900 4183 978 4242 nihil
998 4193 1116 4260 praeter
1136 4182 1281 4260 gratuitas
1302 4181 1382 4241 cica-

188 4277 276 4336 trices
304 4279 412 4337 referre
430 4281 609 4355 poterunt’';
631 4299 709 4356 quae
731 4290 800 4340 sunt
821 4282 914 4340 verba
934 4280 999 4357 ipsa
1021 4281 1181 4340 Hermolai
1202 4281 1285 4358 apud
1306 4281 1381 4340 Cur·

187 4375 263 4434 tium
295 4378 410 4435 Rufum
439 4380 529 4450 VIII,
560 4395 588 4452 7.
616 4380 710 4438 Porro
731 4381 810 4457 VII,
834 4399 886 4439 12:
909 4382 1116 4456 „prehensare
1137 4399 1262 4455 manus,
1283 4378 1382 4438 iacere
