3120 5070
752 484 790 534 ΙΙ

180 686 331 777 integra
368 684 581 756 Latinitate
621 708 712 758 vere
752 695 784 760 αὶ.
819 709 850 759 n.
891 688 1130 759 constituere
1171 684 1363 758 videntur.

229 815 312 889 Nec
335 841 413 889 non
434 817 532 890 lusui
553 816 707 890 cuidam
726 819 934 892 verborum
955 818 1148 892 interdum
1169 817 1364 913 indulget,

181 972 243 1020 ex.
277 972 334 1044 gr.
371 949 420 1022 de
456 953 522 1022 int.
558 974 631 1023 em.
668 969 713 1044 57
745 954 794 1047 1):
830 977 933 1024 verae
966 977 1008 1024 ac
1034 978 1151 1024 merae
1177 951 1240 1049 (cs.
1267 950 1364 1022 Plin.

181 1081 252 1176 Ep.
292 1081 390 1176 VIII,
430 1103 492 1176 24,
527 1083 583 1180 2);
620 1081 750 1156 Tract.
787 1083 868 1156 Pol.
895 1083 963 1174 Vl,
990 1087 1054 1157 26:
1082 1084 1364 1180 argumentis-

182 1218 391 1311 tormentis,
418 1216 501 1311 VII,
529 1238 570 1290 2:
600 1243 673 1290 uno
698 1228 783 1290 actu
809 1228 844 1290 et
871 1220 958 1291 ictu.

230 1348 409 1446 Denique
436 1351 557 1424 semel
583 1364 700 1447 atque
727 1355 867 1425 iterum
889 1365 1027 1425 auctor
1048 1355 1213 1426 orationi
1234 1353 1362 1424 locum

182 1507 203 1556 e
236 1495 355 1578 poeta
382 1483 551 1580 quodam
578 1487 739 1558 citatum
766 1498 857 1580 apte
884 1488 1134 1580 interponere
1162 1487 1253 1578 scit,
1282 1487 1365 1558 sive

181 1628 287 1690 tecte
314 1616 365 1690 ad
391 1618 570 1692 omnibus
594 1630 687 1691 nota
706 1619 826 1693 verba
846 1619 1041 1713 alludens,
1066 1622 1145 1693 sive
1171 1621 1365 1714 integrum

181 1774 336 1824 versum
351 1752 535 1826 referens.
560 1753 735 1847 Quorum
750 1755 919 1825 omniurn
934 1753 1288 1849 frequentissimum
1304 1761 1366 1823 est

183 1878 415 1958 Ovidianum
440 1885 532 1959 illud
555 1885 693 1980 „video
717 1886 878 1960 meliora
900 1886 1144 1981 proboque”,
1169 1896 1364 1979 etqseqq.,

183 2040 298 2112 quem
321 2017 449 2090 locum
469 2021 507 2090 In
527 2018 674 2093 deliciis
695 2019 876 2093 habuisse
899 2030 1063 2114 apparet
1071 2048 1080 2112 3
1104 2041 1219 2114 quem
1241 2028 1303 2089 ter
1325 2018 1365 2087 in

182 2149 337 2244 Ethica,
365 2150 507 2226 deinde
535 2155 573 2224 in
598 2152 784 2247 Epistulis
812 2175 967 2248 quoque
994 2155 1137 2224 citavit.
1166 2150 1238 2224 Cui
1261 2147 1365 2222 adde

183 2282 358 2358 eiusdem
379 2287 579 2379 scriptoris
599 2284 686 2358 Am.
709 2285 754 2378 ll,
781 2306 835 2378 19,
855 2306 896 2378 4,
919 2287 983 2381 qui
1002 2285 1111 2357 locus
1125 2283 1212 2355 Eth.
1229 2283 1288 2376 Ill,
1303 2304 1364 2375 31,

183 2416 333 2511 coroll.;
357 2429 398 2490 et
419 2417 506 2490 Am.
531 2418 591 2512 ΙΙΙ,
613 2440 654 2512 4,
683 2437 737 2512 17,
762 2421 826 2514 qui
848 2418 978 2491 Tract.
998 2418 1079 2492 Pol.
1094 2418 1149 2524 X,
1167 2436 1184 2511 5
1202 2421 1364 2510 citatur,

183 2573 300 2644 porro
340 2551 541 2625 Ciceronis
580 2551 689 2626 locus
723 2553 880 2626 celeber
914 2551 964 2624 de
991 2552 1113 2648 gloria
1140 2550 1366 2646 appetenda

184 2685 270 2781 (pro
296 2684 441 2758 Archia
468 2686 537 2783 11),
566 2689 630 2782 qui
657 2689 799 2760 citatur
824 2687 912 2760 Eth.
939 2687 1000 2780 lll,
1029 2685 1105 2758 def.
1134 2685 1196 2758 aff.
1222 2706 1288 2778 443
1313 2684 1365 2757 ad

184 2841 299 2914 quem
327 2818 507 2892 alluditur
527 2819 615 2893 Eth.
640 2821 701 2915 IV,
727 2839 790 2914 52,
813 2821 950 2914 schol,
974 2820 1179 2892 Taciteum
1202 2817 1293 2891 illud
1314 2817 1367 2891 de

183 2952 297 3047 vulgo
325 2952 440 3050 (Ann.
468 2953 498 3046 l,
526 2953 600 3050 29),
629 2954 734 3049 quod
760 2954 900 3049 legitur
925 2954 1013 3027 Eth.
1041 2952 1102 3047 IV,
1134 2971 1196 3046 54,
1224 2951 1365 3044 schol,

184 3085 302 3158 verba
340 3086 492 3159 Horatii
531 3086 628 3184 (Sat.
669 3087 700 3180 l,
742 3109 770 3180 1,
803 3109 861 3176 14:
891 3088 1128 3182 „loquacem
1155 3084 1364 3158 Delassare

185 3219 314 3292 valent
339 3219 371 3292 F
374 3221 562 3317 abium'’),
592 3244 691 3316 quae
719 3231 923 3292 recurrunt
951 3243 1011 3314 ep.
1039 3218 1215 3291 LXXVI.

235 3353 384 3447 Quodsi
411 3358 496 3450 quis
518 3354 742 3449 exemplum
765 3352 981 3446 desiderat,
1007 3375 1083 3446 quo
1104 3353 1248 3444 omnia,
1264 3373 1366 3446 quae

185 3491 514 3582 enumeravimus,
536 3499 627 3582 apte
648 3488 829 3560 illustrari
849 3489 1017 3581 possint,
1039 3485 1215 3580 perlegat
1230 3508 1292 3556 ex.
1307 3506 1364 3578 gr.

185 3619 388 3713 epistulam
416 3621 594 3715 XXVIII,
622 3621 670 3693 ab
697 3619 911 3694 editoribus
933 3620 1088 3692 Batavis
1110 3642 1162 3690 ex
1185 3628 1366 3712 autogra-

223 3861 251 3932 1)
272 3860 309 3917 In
329 3861 484 3920 laudando
505 3871 634 3921 tractatu
656 3863 695 3920 de
715 3860 770 3920 int.
793 3880 851 3919 em.
875 3870 942 3920 utor
958 3859 1107 3934 numeris,
1128 3857 1223 3936 quiin
1235 3856 1373 3916 editione

181 3957 367 4017 Bruderiana
394 3959 583 4019 exhibentur.
613 3962 693 4018 Nam
721 3958 777 4017 etsi
804 3957 890 4017 omni
910 3957 1089 4018 auctoritate
1110 3976 1211 4016 carere
1232 3965 1298 4014 eta
1320 3958 1369 4014 Br.

180 4073 412 4132 nonnumquam
440 4056 511 4116 satis
538 4056 700 4116 infeliciter
725 4055 839 4132 appicti
860 4075 924 4115 esse
946 4056 1095 4130 videntur,
1118 4053 1272 4114 tamenin
1294 4053 1373 4112 locis

181 4152 376 4230 designandis
394 4156 442 4213 vel
459 4154 679 4232 investigandis
696 4163 815 4213 tantum
834 4154 990 4213 commodi
1005 4163 1184 4230 tantumque
1196 4151 1371 4228 compendii

180 4253 322 4327 afferunt,
353 4263 386 4312 ut
416 4271 505 4329 aegre
532 4272 584 4313 eos
610 4253 642 4312 in
669 4251 837 4312 recentiore
858 4252 992 4311 editione
1014 4252 1166 4311 desideres
1174 4273 1183 4326 ;
1204 4250 1315 4324 imm0,
1338 4259 1372 4309 ut

180 4351 272 4412 etiam
302 4351 429 4412 Ethicae
460 4351 576 4411 scholia
605 4352 708 4428 paullo
734 4349 898 4427 ampliora,
926 4350 1142 4426 praefationeS,
1170 4348 1374 4426 appendiceS,

181 4450 313 4526 denique
334 4450 485 4528 Epistulas
506 4468 627 4526 quoque
648 4448 740 4508 simili
761 4449 855 4508 modo
877 4448 1035 4508 distinctas
1056 4448 1120 4508 iure
1141 4447 1301 4525 optaveris.
