3120 5070
792 498 836 568 19

216 704 301 774 iure
322 700 540 797 censetur):
565 711 666 792 „wat
686 699 870 796 belanght
893 712 1026 773 vante
1049 725 1191 797 mogen
1215 701 1401 798 schrijuen

216 837 257 906 in
280 832 342 905 die
365 832 479 926 Tael,
503 855 608 906 waer
625 835 664 904 in
687 832 931 928 opgebrocht
951 834 1047 926 ben,
1073 857 1121 906 en
1136 833 1307 908 kanUE.
1323 836 1403 907 niet

217 989 445 1062 weygeren‚
469 990 540 1039 soo
565 966 632 1038 het
654 965 797 1039 anders
820 966 946 1063 Latijn
969 966 1013 1039 of
1023 966 1211 1058 Franeois
1225 970 1276 1041 is:
1296 991 1404 1040 maer

217 1100 284 1172 ick
307 1100 524 1173 versoecke
547 1100 649 1172 noch
673 1099 768 1173 dese
788 1099 1016 1173 antwoorde
1030 1103 1069 1172 in
1082 1101 1178 1174 dese
1193 1124 1293 1196 eyge
1307 1099 1403 1173 Tael

216 1244 259 1305 te
293 1256 435 1328 mogen
470 1233 701 1328 ontlangen,
737 1233 846 1307 alsoo
877 1233 941 1305 ick
968 1232 1049 1308 UE.
1077 1236 1283 1330 meeninge
1309 1233 1404 1306 daer

220 1366 308 1438 heel
329 1366 401 1438 wel
423 1368 461 1438 in
475 1378 669 1461 verstont,
693 1391 742 1440 en
756 1367 964 1440 misschien
978 1370 1015 1439 in
1031 1369 1058 1440 ’t
1071 1367 1197 1464 Latijn
1211 1391 1282 1440 soo
1296 1367 1405 1440 klaer

219 1502 302 1613 niet
335 1523 385 1572 en
420 1498 543 1572 soude
579 1501 796 1574 verstaen.”
831 1501 943 1594 Quae
969 1500 1088 1572 verba
1114 1502 1153 1572 in
1179 1499 1251 1573 Ed.
1278 1499 1404 1573 Princ.

219 1635 277 1706 sic
316 1631 550 1705 redduntur:
587 1658 696 1727 „non
714 1657 890 1727 ›recus0,
927 1636 959 1707 si
994 1656 1042 1706 ea
1076 1633 1222 1729 lingua,
1257 1636 1296 1706 in
1330 1658 1406 1731 qua
1507 1621 1517 1634 ’

219 1765 412 1840 educatus
448 1791 552 1860 sum,
589 1768 760 1840 scribere
787 1769 938 1840 animus
963 1778 1043 1860 est,
1073 1767 1135 1840 vel
1161 1767 1253 1860 alia,
1287 1766 1405 1840 modo

220 1899 363 1972 Latina
383 1911 450 1972 aut
472 1898 626 1974 Gallica
644 1903 712 1995 sit3
736 1901 810 1974 hoc
831 1924 925 1975 vero
945 1923 1194 1994 responsum,
1210 1912 1252 1972 ut
1266 1899 1405 1972 eadem

222 2056 366 2107 exares
393 2033 540 2130 lingua,
568 2047 681 2128 pet0‚
709 2037 799 2131 quia
824 2044 996 2107 mentem
1022 2017 1129 2106 tuam
1155 2036 1194 2104 in
1216 2056 1263 2105 ea
1282 2033 1405 2127 bene,

223 2166 332 2264 quod
353 2166 455 2240 forte
479 2170 517 2239 in
539 2168 667 2264 lingua
689 2168 830 2240 Latina
852 2191 930 2240 non
951 2167 1082 2260 fieret,
1105 2166 1405 2261 percipiebam.’‘

273 2300 405 2374 Verba
427 2301 568 2373 Latina
591 2303 659 2395 „in
682 2324 758 2397 qua
779 2299 969 2372 educatus
990 2300 1102 2372 sum'’
1125 2311 1166 2372 et
1187 2310 1252 2393 „ut
1267 2297 1407 2371 eadem

222 2457 366 2507 exares
410 2434 570 2529 lingua'’
618 2458 734 2530 quam
779 2457 916 2529 parum
961 2444 1144 2505 accurate
1185 2433 1407 2527 exemplum

225 2566 499 2640 Hollandicum
521 2567 711 2662 reserant,
736 2570 883 2662 optime
906 2569 1055 2640 notavit
1076 2579 1117 2639 et
1139 2566 1340 2640 illustravit
1360 2565 1406 2637 L.

224 2699 415 2796 Superest
441 2699 699 2795 monendum,
727 2701 838 2774 simili
865 2699 1046 2775 socordia
1071 2701 1191 2774 verba
1218 2724 1319 2793 „soo
1342 2700 1409 2772 het

221 2832 367 2907 anders
398 2832 525 2929 Latijn
552 2832 596 2906 of
622 2832 810 2924 Francois
838 2834 898 2908 is”
927 2833 1081 2907 reddita
1107 2856 1194 2906 esse
1222 2857 1293 2929 per
1321 2832 1409 2926 „vel

222 2966 316 3059 alia,
356 2964 475 3038 modo
514 2966 656 3038 Latina
694 2979 761 3040 aut
798 2967 948 3042 Gallica
987 2968 1075 3040 sit’'.
1115 2966 1271 3039 Etenim
1308 2989 1407 3059 „soo

224 3098 397 3172 anders'’
444 3101 483 3170 in
528 3102 741 3173 vetustiore
787 3112 921 3174 nostra
966 3100 1094 3196 lingua
1138 3099 1243 3173 idem
1285 3098 1408 3190 valet,

224 3231 333 3328 quod
371 3232 512 3305 Latine
547 3233 817 3329 ,‚siquidem'’;
853 3235 891 3304 in
926 3256 1042 3328 quam
1077 3255 1159 3304 rem
1186 3231 1410 3305 conseratur

226 3364 326 3437 Ned.
352 3364 597 3438 Woordenb.
626 3366 688 3458 lV,
711 3391 748 3462 p.
771 3387 839 3457 431
851 3396 860 3461 ;
883 3369 952 3459 ita,
973 3378 1016 3437 ut
1036 3365 1132 3438 haec
1153 3366 1221 3437 fiat
1239 3366 1410 3459 legitima

136 3525 143 3538 ·
227 3500 374 3571 versio:
411 3522 519 3591 „non
557 3521 714 3592 recuso,
749 3501 780 3572 si
807 3523 854 3571 ea
880 3499 1025 3594 lingua,
1053 3502 1091 3571 in
1118 3523 1193 3596 qua
1220 3497 1410 3571 educatus

226 3655 312 3704 sum
340 3631 415 3726 (vel
442 3634 572 3726 potius
599 3633 716 3728 „es’')
744 3633 915 3707 scribere
943 3635 1093 3737 animus
1111 3630 1195 3725 est,
1220 3631 1410 3727 siquidem

227 3740 369 3837 Latina
400 3775 467 3836 aut
494 3763 643 3839 Gallica
670 3767 772 3839 est''.
801 3767 912 3860 Quae
939 3766 1058 3840 verba
1085 3776 1271 3862 quantum
1297 3787 1320 3836 a
1347 3789 1410 3836 su-

226 3898 445 3992 perioribus
472 3897 712 3993 discrepent,
740 3903 934 3972 neminem
960 3900 1096 3995 fugere
1123 3910 1230 3993 putu.

278 4031 431 4128 Integra
466 4042 596 4103 autem
631 4044 811 4127 superest
842 4032 1047 4106 difficultas
1073 4035 1111 4103 in
1137 4031 1230 4124 hoc,
1258 4031 1410 4127 qualem

230 4163 398 4259 linguam
434 4162 602 4258 Spinoza
629 4165 891 4260 designaverit
916 4190 988 4261 per
1013 4165 1074 4238 illa
1101 4165 1220 4238 verba
1245 4165 1412 4260 „inqua

204 4296 421 4393 ¹educatus
460 4298 585 4370 sum'’.
628 4300 754 4394 Quam
789 4303 828 4372 in
862 4323 944 4373 rem
978 4300 1052 4373 hoc
1080 4312 1259 4396 rogatum
1284 4297 1410 4371 velim.

185 4405 197 4462 ξ
227 4427 352 4503 Estne
387 4430 573 4503 credibile
609 4431 817 4528 Spinozam
852 4437 1111 4530 cogitationes
1137 4457 1227 4509 suas
1254 4444 1295 4504 et
1320 4433 1412 4505 con·
