3120 5070
776 482 815 553 13

249 682 366 777 Quod
407 695 538 755 autem
578 683 628 755 ad
667 706 807 755 vocum
847 681 1162 756 absconditarum
1197 690 1309 758 usum
1344 698 1386 758 et

199 816 418 912 elegantiae
447 815 615 889 studium
643 817 799 907 attinet,
829 839 916 887 cum
942 814 1034 887 talia
1061 815 1287 912 plerumque
1310 843 1385 913 pro

198 972 366 1043 persona
390 951 590 1043 scriptoris
612 951 763 1020 variare
786 947 956 1041 soleant,
978 951 1032 1020 ita
1051 951 1206 1042 parcius
1226 951 1385 1045 quidem

198 1081 302 1176 apud
329 1080 662 1174 Tschirnhausen‚
689 1109 723 1154 v.
740 1081 1002 1177 Velthuysen,
1025 1082 1174 1178 Burgh,
1198 1084 1294 1157 alios
1316 1109 1385 1180 ap-

198 1226 354 1310 parent,
378 1239 613 1310 quamquam
634 1239 683 1288 ne
703 1215 808 1311 apud
822 1216 906 1289 illos
919 1215 1077 1311 quidem
1092 1215 1207 1310 plane
1221 1213 1381 1312 absunt;

189 1359 334 1421 vcontra
373 1347 661 1445 Oldenburgius
696 1352 761 1421 vix
797 1350 869 1423 sibi
895 1349 966 1422 hac
994 1352 1033 1421 in
1061 1373 1103 1422 re
1129 1351 1223 1423 satis
1250 1350 1382 1423 facere

197 1484 372 1575 potuisse
410 1480 564 1554 videtur
603 1493 661 1576 et,
697 1494 740 1555 ut
774 1482 924 1555 illorum
952 1495 1173 1577 temporum
1201 1507 1384 1558 sermone

197 1625 360 1707 utamur,
388 1614 517 1687 multis
544 1617 770 1710 parasangis
797 1614 1005 1709 Spinozam
1030 1628 1207 1710 superat,
1232 1642 1320 1690 cum
1343 1621 1383 1690 in

196 1748 394 1830 vocabulis
420 1750 623 1822 rarissimis
650 1760 691 1821 et
714 1747 950 1822 doctissimis
970 1748 1215 1844 promendis,
1238 1762 1320 1822 tum
1343 1754 1381 1823 in

197 1879 392 1954 laudando
414 1881 474 1954 vel
496 1884 613 1954 etiam
630 1882 833 1955 obscurius
847 1881 1055 1955 alludendo
1070 1881 1121 1954 ad
1134 1883 1205 1957 hos
1219 1884 1280 1956 vel
1296 1885 1382 1958 illos

197 2013 426 2087 Latinorum
448 2018 681 2110 scriptorum
695 2014 1019 2107 locos,interdum
1034 2019 1127 2089 satis
1142 2029 1326 2090 remotos.
1346 2021 1381 2113 1)

191 2280 319 2356 noviter,
340 2282 509 2343 ablativum
530 2283 671 2360 gerundii
691 2285 761 2343 loco
783 2285 863 2342 Part.
885 2285 995 2358 Praes,
1013 2293 1113 2343 utrum
1131 2284 1163 2343 iu
1175 2284 1387 2361 rogationibus

191 2379 397 2457 simplicibus,
418 2381 478 2441 alia
499 2381 610 2458 passim
632 2380 773 2440 inveniri.

234 2479 263 2558 1)
283 2480 366 2538 Inter
399 2479 459 2539 alia
488 2481 564 2539 haec
592 2489 748 2556 tamquam
769 2478 884 2539 rariora
905 2480 954 2538 vel
976 2478 1171 2556 exquisitiora
1192 2478 1292 2539 notari
1312 2499 1382 2557 pos·

190 2587 275 2636 sunt:
294 2577 427 2638 fortassis
446 2580 513 2655 (Ep.
526 2580 570 2652 I);
590 2577 723 2654 effigiare
742 2576 811 2656 (Ep.
822 2578 881 2652 III)
888 2599 897 2652 3
917 2576 1095 2655 obgannire,
1108 2580 1382 2654 expectorareOEp.

190 2677 264 2752 VII)
271 2696 280 2749 ;
298 2675 588 2750 redhostimentum,
607 2676 651 2736 tui
668 2675 752 2754 genii
763 2688 792 2737 et
802 2675 918 2753 ingenii
929 2676 976 2735 vir
986 2676 1058 2754 (Ep.
1069 2676 1146 2756 XI);
1166 2675 1300 2736 efflictim
1312 2676 1382 2756 (Ep.

188 2771 311 2853 XXXI)
318 2794 327 2848 3
348 2776 506 2851 propalare
527 2775 597 2853 (Ep.
609 2776 711 2855 LXI);
734 2774 951 2848 sufflaminare,
974 2774 1119 2835 vilescere
1130 2777 1199 2852 (Ep.
1208 2777 1383 2850 LXXVH);

189 2871 393 2930 collabascere
414 2874 482 2948 (Ep.
504 2872 663 2951 LXXIX).

228 2969 320 3042 Quod
350 2979 452 3028 autem
482 2969 591 3029 attinet
619 2971 659 3029 ad
686 2971 770 3030 locos
792 2990 830 3030 ex
851 2969 1048 3047 scriptoribus
1069 2968 1195 3046 petitos,
1216 2970 1277 3029 fere
1298 2969 1385 3027 nulla

185 3065 248 3125 eius
279 3076 377 3126 exstat
407 3066 552 3144 epistula,
583 3067 658 3143 quin
686 3067 803 3144 aliquid
832 3067 915 3127 docti
944 3077 973 3127 et
995 3065 1170 3126 absconditi
1191 3065 1277 3139 insit,
1298 3068 1382 3143 quod

188 3162 341 3223 interdum
363 3173 426 3224 tam
446 3166 538 3243 longe
559 3165 737 3225 arcessitum
759 3176 820 3240 est,
843 3176 875 3225 ut
896 3185 942 3224 ex.
963 3185 1008 3242 gr.
1032 3176 1163 3225 veterem
1185 3163 1381 3240 interpretem

189 3261 346 3338 Belgicum
366 3281 487 3339 prorsus
509 3262 630 3339 fugerit.
652 3263 781 3322 Notavi:
805 3265 861 3339 Ep.
883 3261 1072 3338 Iquasiper
1090 3270 1285 3321 transennam
1300 3260 1379 3340 (Cic.

187 3359 226 3418 de
255 3359 338 3420 Orat.
365 3361 380 3418 I
410 3362 479 3435 162)
507 3363 634 3437 longum
657 3362 726 3420 vale
747 3359 853 3439 (Verg.
875 3361 981 3436 Eclog.
1004 3360 1050 3417 III
1073 3358 1141 3436 79);
1163 3360 1218 3435 Ep.
1240 3361 1300 3418 VII
1320 3379 1383 3436 pax

187 3466 335 3533 perennat
349 3456 454 3536 (Ovid.
473 3459 554 3517 Fast.
572 3460 603 3534 I,
617 3456 697 3536 721),
710 3459 766 3534 Ep.
782 3459 867 3531 XIV,
883 3466 916 3515 ut
926 3455 1037 3516 sentire
1048 3474 1126 3531 quae
1142 3455 1231 3528 velis,
1243 3466 1379 3533 etqseqq.

187 3553 300 3633 (Tacit.
328 3555 409 3616 Hist.
430 3557 461 3629 I,
485 3559 514 3630 1)
521 3576 530 3630 3
558 3558 614 3633 Ep.
637 3557 746 3615 XXIX
769 3556 917 3614 malorum
940 3554 1011 3614 Ilias
1042 3552 1121 3633 (Cic.
1142 3554 1183 3613 ad
1203 3555 1268 3612 Att.
1289 3556 1382 3626 VIII,

191 3672 236 3728 11,
258 3652 305 3728 3);
328 3655 383 3730 Ep.
405 3655 530 3728 XXXI,
552 3673 658 3731 rumpe
679 3672 779 3713 moras
799 3652 906 3732 (Verg.
918 3655 996 3712 Aen.
1008 3654 1064 3727 IV,
1077 3654 1163 3728 569);
1175 3654 1231 3728 Ep.
1243 3653 1381 3711 LXXIV

187 3749 255 3810 fatis
274 3750 394 3827 agimur
414 3752 563 3828 duraque,
585 3762 721 3829 etqseqq.
743 3751 873 3829 (Seneca
894 3752 972 3811 Oed.
995 3752 1075 3828 985).

228 3849 328 3923 Quam
359 3868 466 3926 parum
495 3848 623 3909 feliciter
652 3859 754 3908 autem
775 3849 807 3907 in
829 3848 875 3908 his
896 3847 1040 3909 Versioni
1062 3845 1203 3923 Belgicae
1224 3845 1378 3905 interdum

186 3966 233 4006 res
255 3947 390 4020 cesserit,
412 3947 527 4023 optime
548 3946 694 4024 cognosci
714 3956 813 4024 potest
834 3967 871 4006 ex
892 3948 948 4024 Ep.
970 3946 1095 4006 XXXI:
1118 3944 1383 4021 „Rumpeigitur

186 4063 302 4119 moras,
324 4063 381 4104 nec
402 4043 501 4103 scindi
521 4044 579 4104 tibi
599 4045 743 4121 penulam
764 4043 918 4121 patiaris.”
939 4044 1025 4117 Quae
1045 4041 1174 4115 locuti0,
1198 4061 1235 4101 ex
1254 4041 1319 4101 Cic.
1338 4043 1378 4102 ad

187 4144 250 4201 Att.
272 4144 364 4217 XIII,
388 4161 424 4218 33
446 4141 556 4218 petita,
577 4151 680 4201 tamen
701 4142 773 4201 satis
794 4143 925 4202 obscura
942 4150 1001 4215 est,
1030 4138 1090 4198 nisi
1107 4158 1228 4198 sensum
1247 4152 1277 4200 et
1286 4149 1382 4199 meta·-

185 4241 313 4316 phoram
333 4239 409 4313 Ioci,
431 4240 472 4299 ad
492 4258 582 4316 quem
605 4238 765 4313 alluditur,
787 4238 964 4299 recordaris.
981 4238 1050 4311 Quo
1061 4238 1175 4296 factum
1186 4247 1247 4310 est,
1265 4247 1298 4296 ut
1310 4256 1378 4296 eam

186 4337 230 4397 sic
259 4337 425 4397 reddiderit
452 4340 538 4397 Vers.
571 4340 670 4414 Belg.:
693 4338 830 4412 „worstel
852 4338 913 4396 dan
935 4337 1011 4395 door
1032 4335 1077 4395 dit
1097 4353 1217 4394 marren
1239 4336 1317 4395 heen
1338 4354 1380 4393 en

185 4434 240 4511 lijd
260 4434 324 4494 niet
345 4436 398 4495 dat
418 4435 491 4495 dere
511 4437 721 4512 regenmantel
741 4435 909 4512 gescheurd
929 4435 1057 4494 wordt.”
1084 4419 1087 4423 ¹
