3120 5070
847 453 871 522 6

271 669 377 765 quod
411 673 551 742 attinet
583 669 633 742 ad
659 671 865 766 epistulas,
893 694 1026 743 earum
1053 681 1235 742 auctores
1262 680 1302 741 et
1328 671 1456 741 nesci-

273 806 374 876 visse
408 826 482 876 nec
515 802 682 877 fortasse
709 807 928 899 suspicatos
954 827 1042 877 esse
1068 803 1153 876 fore
1180 826 1382 898 umquam,
1410 813 1456 874 ut
1487 800 1489 804 ’

274 959 339 1029 ea,
380 959 480 1031 quae
517 936 639 1010 literis
677 940 981 1031 commisissent,
1014 937 1157 1032 publici
1184 940 1275 1010 iuris
1301 936 1454 1008 fierent.

272 1069 407 1164 ltaque
445 1072 476 1143 si
512 1069 605 1165 quid
638 1073 764 1144 minus
798 1071 918 1166 polite
953 1073 999 1144 iis
1032 1069 1244 1163 exciderit,
1273 1068 1456 1143 socordia

274 1205 423 1297 privata
461 1202 641 1276 habenda
675 1215 736 1278 est
769 1227 897 1299 neque
924 1206 1036 1277 nimis
1063 1202 1359 1299 exprobranda,
1388 1225 1456 1274 ne·

275 1335 366 1408 dum
392 1339 430 1408 in
456 1339 688 1432 imperitiam
714 1341 1020 1433 ignorantiamve
1047 1338 1247 1411 vertenda.

325 1468 457 1565 Opera
483 1482 614 1543 autem
638 1470 869 1565 Posthuma,
898 1495 998 1567 quae
1025 1483 1162 1544 auctor
1184 1474 1268 1565 ipse
1282 1494 1359 1543 non
1374 1470 1457 1543 edi-

276 1603 348 1696 dit,
388 1606 528 1699 partim
563 1628 613 1677 ne
647 1604 812 1678 absolvit
839 1605 1015 1701 quidem,
1044 1607 1075 1679 si
1102 1608 1177 1677 iam
1204 1604 1318 1677 solito
1345 1604 1458 1699 plura

274 1739 366 1809 vitia
393 1736 598 1831 exhibent,
622 1738 714 1833 quid
734 1738 837 1811 aliud
851 1751 1036 1834 arguunt,
1059 1741 1131 1812 nisi
1146 1738 1251 1835 quod
1265 1751 1403 1811 auctor
1417 1740 1458 1809 in

276 1894 396 1965 opere
424 1870 726 1964 conscribendo,
753 1875 940 1966 imprimis
966 1875 1023 1945 rei
1048 1884 1089 1945 et
1102 1884 1331 1968 argumento
1346 1895 1459 1966 pros-

275 2007 443 2099 piciens,
470 2004 677 2077 verborum
704 2008 1007 2078 concinnitatem
1031 2005 1092 2078 hic
1107 2005 1181 2078 illic
1196 2030 1331 2100 parum
1347 2028 1458 2077 cura-

275 2141 393 2232 verit,
429 2141 522 2212 satis
549 2151 774 2234 contentus,
809 2142 840 2213 si
867 2143 905 2211 in
932 2140 1189 2235 conceptibus
1215 2138 1460 2212 elucidandis

278 2284 317 2344 et
360 2272 431 2345 sibi
470 2285 511 2345 et
549 2276 627 2346 suis
666 2274 920 2348 satisfecisset
930 2303 939 2368 3
979 2274 1163 2368 posthac,
1204 2276 1234 2347 si
1273 2296 1456 2368 umquam

277 2428 376 2499 opus
411 2404 595 2479 ederetur
627 2407 882 2501 et-schedae,
909 2407 1018 2502 prelo
1047 2409 1298 2499 commissae,
1327 2405 1459 2478 denuo

276 2538 539 2633 perlegendae
562 2550 713 2632 essent,
737 2543 830 2614 satis
851 2543 1084 2635 tempestive
1107 2539 1279 2613 ultimam
1301 2563 1458 2611 manum

277 2670 533 2765 adhibiturus,
557 2680 717 2746 errores¹
733 2675 967 2768 conspicuos
982 2673 1218 2766 sublaturuS,
1244 2675 1460 2746 sententias

277 2803 528 2900 levigaturus,
550 2805 736 2901 denique,
757 2819 800 2880 ut
820 2819 881 2880 est
895 2809 934 2878 in
947 2807 1191 2902 praefatione
1207 2805 1309 2903 Opp.
1323 2805 1456 2880 Posth.

279 2940 614 3032 „examinaturus‚
649 2940 839 3034 politurus
875 2963 921 3013 ac
949 2940 1268 3014 emendaturus”.
1302 2940 1334 3036 1)
1371 2940 1459 3034 Qua

279 3075 317 3144 in
355 3096 397 3145 re
437 3073 529 3168 quid
565 3084 644 3166 est,
673 3074 778 3168 quod
805 3087 1002 3170 tamquam
1030 3075 1225 3149 insolitum
1253 3074 1365 3148 valde
1391 3074 1460 3147 ad-

278 3206 483 3279 miremur?

326 3340 460 3436 ltaque
496 3364 545 3413 ne
573 3344 704 3436 nimis,
733 3366 898 3437 censeo,
924 3366 1131 3439 urgeamus
1158 3342 1277 3415 hosce
1305 3365 1459 3415 errores

278 3486 319 3547 et
344 3477 454 3567 vitia,
482 3498 582 3570 quae
609 3499 661 3549 ex
686 3479 772 3572 ipsa
794 3475 896 3573 Opp.
918 3476 1050 3550 Posth.
1075 3474 1301 3550 conditione
1320 3475 1460 3547 leniter

318 3841 346 3913 ι)
383 3840 522 3898 Altemm
560 3842 734 3917 exemplum
771 3842 863 3917 plane
893 3840 1029 3899 eiusdem
1059 3837 1104 3898 rei
1133 3837 1281 3915 praebent
1311 3835 1464 3913 Principia

276 3936 387 3996 Philos.
410 3938 493 3997 Cart.
514 3938 613 4012 Quem
634 3937 746 3999 librum
767 3937 800 3996 in
818 3956 905 3997 usum
922 3935 1076 4013 privatum
1094 3934 1235 4012 discipuli
1252 3943 1464 4009 composuerat

275 4037 341 4113 Sp,
360 4046 464 4095 tamen
484 4036 592 4096 amicis
611 4035 785 4113 petentibus
804 4035 837 4095 in
857 4036 958 4094 lucem
979 4034 1069 4093 edere
1090 4052 1153 4093 non
1174 4029 1324 4092 recusavit
1331 4050 1340 4104 ;
1361 4028 1463 4104 itaque

275 4133 484 4208 revisendum,
517 4136 621 4211 „stylo
648 4131 827 4211 elegantiori
853 4131 1024 4192 ornandum
1034 4131 1062 4206 '’,
1081 4130 1268 4208 praelatione
1288 4127 1462 4204 augendum

275 4231 402 4291 curavit.
430 4232 530 4306 Quam
558 4250 622 4290 rem
642 4249 713 4290 cum
733 4231 859 4306 Meyero
879 4248 934 4288 suo
955 4228 1179 4289 conficiendam
1200 4226 1325 4287 tradidit
1346 4235 1463 4299 noster,

274 4328 444 4390 deficientis
471 4329 626 4389 literamm
656 4326 834 4387 Latinarum
867 4325 1011 4386 scientiae
1041 4328 1176 4404 arguitur
1207 4347 1225 4387 a
1252 4325 1404 4384 Meinsma
1432 4325 1464 4383 in

275 4427 354 4488 libro
375 4427 531 4505 „Spinoza
551 4445 589 4487 en
609 4424 670 4503 zijn
691 4424 820 4502 Kring.”
840 4446 871 4502 p.
893 4442 959 4500 207.
