<?xml version="1.0" encoding="UTF-8"?>
<!DOCTYPE html PUBLIC "-//W3C//DTD XHTML 1.0 Transitional//EN"
    "http://www.w3.org/TR/xhtml1/DTD/xhtml1-transitional.dtd">
<html xmlns="http://www.w3.org/1999/xhtml" xml:lang="en" lang="en">
 <head>
  <title>
</title>
<meta http-equiv="Content-Type" content="text/html;charset=utf-8" />
  <meta name='ocr-system' content='tesseract 3.04.00' />
  <meta name='ocr-capabilities' content='ocr_page ocr_carea ocr_par ocr_line ocrx_word'/>
</head>
<body>
  <div class='ocr_page' id='page_1' title='image "./adspinozaeopera00leopgoog_0096.png"; bbox 0 0 3120 5070; ppageno 0'>
   <div class='ocr_carea' id='block_1_1' title="bbox 758 475 813 571">
    <p class='ocr_par' dir='ltr' id='par_1_1' title="bbox 758 475 813 571">
     <span class='ocr_line' id='line_1_1' title="bbox 758 475 813 571; baseline 0.055 -3"><span class='ocrx_word' id='word_1_1' title='bbox 758 475 813 571; x_wconf 69' lang='lat'>75&#39;</span> 
     </span>
    </p>
   </div>
   <div class='ocr_carea' id='block_1_2' title="bbox 94 699 1367 1061">
    <p class='ocr_par' dir='ltr' id='par_1_2' title="bbox 94 699 1367 1061">
     <span class='ocr_line' id='line_1_2' title="bbox 94 699 1367 792; baseline 0.001 -21"><span class='ocrx_word' id='word_1_2' title='bbox 94 699 96 702; x_wconf 66' lang='grc'>’</span> <span class='ocrx_word' id='word_1_3' title='bbox 188 699 402 792; x_wconf 84' lang='lat' dir='ltr'>„risibilis”</span> <span class='ocrx_word' id='word_1_4' title='bbox 437 703 512 772; x_wconf 89' lang='lat' dir='ltr'>iam</span> <span class='ocrx_word' id='word_1_5' title='bbox 546 725 568 772; x_wconf 96' lang='lat' dir='ltr'>a</span> <span class='ocrx_word' id='word_1_6' title='bbox 603 700 766 773; x_wconf 86' lang='lat' dir='ltr'>Martiali</span> <span class='ocrx_word' id='word_1_7' title='bbox 801 700 1011 773; x_wconf 84' lang='lat' dir='ltr'>adhibitam</span> <span class='ocrx_word' id='word_1_8' title='bbox 1045 724 1144 774; x_wconf 89' lang='lat' dir='ltr'>esse.</span> <span class='ocrx_word' id='word_1_9' title='bbox 1179 701 1367 773; x_wconf 90' lang='lat' dir='ltr'><strong>Nimirum</strong></span> 
     </span>
     <span class='ocr_line' id='line_1_3' title="bbox 189 832 1367 929; baseline 0.003 -25"><span class='ocrx_word' id='word_1_10' title='bbox 189 834 419 906; x_wconf 84' lang='lat' dir='ltr'>Martianum</span> <span class='ocrx_word' id='word_1_11' title='bbox 458 835 578 907; x_wconf 86' lang='lat' dir='ltr'>voluit</span> <span class='ocrx_word' id='word_1_12' title='bbox 611 833 828 929; x_wconf 81' lang='lat' dir='ltr'><strong>Capellam,</strong></span> <span class='ocrx_word' id='word_1_13' title='bbox 865 832 968 928; x_wconf 88' lang='lat' dir='ltr'>apud</span> <span class='ocrx_word' id='word_1_14' title='bbox 1004 858 1119 929; x_wconf 94' lang='lat' dir='ltr'>quem</span> <span class='ocrx_word' id='word_1_15' title='bbox 1154 847 1238 907; x_wconf 87' lang='lat' dir='ltr'>tota</span> <span class='ocrx_word' id='word_1_16' title='bbox 1270 834 1367 907; x_wconf 91' lang='lat' dir='ltr'>haec</span> 
     </span>
     <span class='ocr_line' id='line_1_4' title="bbox 187 965 1158 1061; baseline 0 -23"><span class='ocrx_word' id='word_1_17' title='bbox 187 965 351 1039; x_wconf 88' lang='lat' dir='ltr'>formula</span> <span class='ocrx_word' id='word_1_18' title='bbox 376 967 461 1040; x_wconf 90' lang='lat' dir='ltr'>Lib.</span> <span class='ocrx_word' id='word_1_19' title='bbox 489 966 550 1059; x_wconf 89' lang='lat' dir='ltr'>IV,</span> <span class='ocrx_word' id='word_1_20' title='bbox 578 991 614 1061; x_wconf 92' lang='lat' dir='ltr'>p.</span> <span class='ocrx_word' id='word_1_21' title='bbox 647 985 715 1039; x_wconf 92' lang='lat'>100</span> <span class='ocrx_word' id='word_1_22' title='bbox 740 979 781 1039; x_wconf 90' lang='lat' dir='ltr'>et</span> <span class='ocrx_word' id='word_1_23' title='bbox 807 968 951 1061; x_wconf 91' lang='lat' dir='ltr'>passim</span> <span class='ocrx_word' id='word_1_24' title='bbox 978 969 1158 1039; x_wconf 91' lang='lat' dir='ltr'>occurrit.</span> 
     </span>
    </p>
   </div>
   <div class='ocr_carea' id='block_1_3' title="bbox 189 1276 1372 2416">
    <p class='ocr_par' dir='ltr' id='par_1_3' title="bbox 189 1276 1372 2416">
     <span class='ocr_line' id='line_1_5' title="bbox 236 1276 1367 1373; baseline 0.001 -26"><span class='ocrx_word' id='word_1_25' title='bbox 236 1276 326 1349; x_wconf 89' lang='lat' dir='ltr'><strong>ibid.</strong></span> <span class='ocrx_word' id='word_1_26' title='bbox 349 1297 412 1368; x_wconf 81' lang='lat'>43,</span> <span class='ocrx_word' id='word_1_27' title='bbox 437 1276 554 1349; x_wconf 92' lang='lat' dir='ltr'>schol.</span> <span class='ocrx_word' id='word_1_28' title='bbox 579 1276 709 1349; x_wconf 90' lang='lat' dir='ltr'>Verba</span> <span class='ocrx_word' id='word_1_29' title='bbox 732 1279 935 1371; x_wconf 83' lang='lat' dir='ltr'>sequentia</span> <span class='ocrx_word' id='word_1_30' title='bbox 957 1279 1011 1349; x_wconf 91' lang='lat' dir='ltr'>sic</span> <span class='ocrx_word' id='word_1_31' title='bbox 1027 1280 1367 1373; x_wconf 83' lang='lat' dir='ltr'>interpungantur:</span> 
     </span>
     <span class='ocr_line' id='line_1_6' title="bbox 190 1407 1368 1505; baseline 0.005 -27"><span class='ocrx_word' id='word_1_32' title='bbox 190 1407 349 1504; x_wconf 81' lang='lat' dir='ltr'><strong>„Atque</strong></span> <span class='ocrx_word' id='word_1_33' title='bbox 376 1408 434 1481; x_wconf 93' lang='lat' dir='ltr'>his</span> <span class='ocrx_word' id='word_1_34' title='bbox 461 1433 522 1480; x_wconf 90' lang='lat' dir='ltr'>me</span> <span class='ocrx_word' id='word_1_35' title='bbox 545 1408 595 1480; x_wconf 88' lang='lat' dir='ltr'>ad</span> <span class='ocrx_word' id='word_1_36' title='bbox 617 1408 686 1481; x_wconf 87' lang='lat' dir='ltr'>has</span> <span class='ocrx_word' id='word_1_37' title='bbox 709 1411 960 1504; x_wconf 87' lang='lat' dir='ltr'>quaestiones</span> <span class='ocrx_word' id='word_1_38' title='bbox 982 1410 1233 1504; x_wconf 90' lang='lat' dir='ltr'>respondisse</span> <span class='ocrx_word' id='word_1_39' title='bbox 1254 1423 1368 1505; x_wconf 90' lang='lat' dir='ltr'>put0,</span> 
     </span>
     <span class='ocr_line' id='line_1_7' title="bbox 189 1540 1368 1647; baseline 0.004 -35"><span class='ocrx_word' id='word_1_40' title='bbox 189 1565 348 1635; x_wconf 91' lang='lat' dir='ltr'>nempe:</span> <span class='ocrx_word' id='word_1_41' title='bbox 385 1543 415 1614; x_wconf 93' lang='lat' dir='ltr'>si</span> <span class='ocrx_word' id='word_1_42' title='bbox 451 1540 539 1613; x_wconf 89' lang='lat' dir='ltr'>idea</span> <span class='ocrx_word' id='word_1_43' title='bbox 574 1564 684 1634; x_wconf 88' lang='lat' dir='ltr'>vera,</span> <span class='ocrx_word' id='word_1_44' title='bbox 719 1553 910 1647; x_wconf 88' lang='lat' dir='ltr'>quatenus</span> <span class='ocrx_word' id='word_1_45' title='bbox 936 1553 1086 1615; x_wconf 91' lang='lat' dir='ltr'>tantum</span> <span class='ocrx_word' id='word_1_46' title='bbox 1114 1544 1254 1616; x_wconf 91' lang='lat' dir='ltr'>dicitur</span> <span class='ocrx_word' id='word_1_47' title='bbox 1281 1569 1368 1617; x_wconf 90' lang='lat' dir='ltr'>curn</span> 
     </span>
     <span class='ocr_line' id='line_1_8' title="bbox 190 1674 1369 1773; baseline 0.003 -26"><span class='ocrx_word' id='word_1_48' title='bbox 190 1698 259 1747; x_wconf 94' lang='lat' dir='ltr'>suo</span> <span class='ocrx_word' id='word_1_49' title='bbox 287 1674 417 1747; x_wconf 89' lang='lat' dir='ltr'>ideato</span> <span class='ocrx_word' id='word_1_50' title='bbox 445 1678 671 1768; x_wconf 88' lang='lat' dir='ltr'>convenire,</span> <span class='ocrx_word' id='word_1_51' title='bbox 700 1700 722 1747; x_wconf 97' lang='lat' dir='ltr'>a</span> <span class='ocrx_word' id='word_1_52' title='bbox 749 1675 845 1748; x_wconf 87' lang='lat' dir='ltr'>salsa</span> <span class='ocrx_word' id='word_1_53' title='bbox 871 1676 1133 1772; x_wconf 82' lang='lat' dir='ltr'>distinguitur3</span> <span class='ocrx_word' id='word_1_54' title='bbox 1161 1678 1251 1748; x_wconf 92' lang='lat' dir='ltr'>nihil</span> <span class='ocrx_word' id='word_1_55' title='bbox 1275 1701 1369 1773; x_wconf 84' lang='lat' dir='ltr'>ergo</span> 
     </span>
     <span class='ocr_line' id='line_1_9' title="bbox 190 1808 1370 1905; baseline 0.005 -27"><span class='ocrx_word' id='word_1_56' title='bbox 190 1808 374 1880; x_wconf 88' lang='lat' dir='ltr'>realitatis</span> <span class='ocrx_word' id='word_1_57' title='bbox 405 1818 471 1879; x_wconf 91' lang='lat' dir='ltr'>aut</span> <span class='ocrx_word' id='word_1_58' title='bbox 497 1808 749 1903; x_wconf 89' lang='lat' dir='ltr'>perfectionis</span> <span class='ocrx_word' id='word_1_59' title='bbox 776 1808 865 1880; x_wconf 90' lang='lat' dir='ltr'>idea</span> <span class='ocrx_word' id='word_1_60' title='bbox 892 1833 984 1881; x_wconf 89' lang='lat' dir='ltr'>vera</span> <span class='ocrx_word' id='word_1_61' title='bbox 1009 1809 1127 1883; x_wconf 90' lang='lat' dir='ltr'>habet</span> <span class='ocrx_word' id='word_1_62' title='bbox 1153 1834 1247 1905; x_wconf 90' lang='lat' dir='ltr'>prae</span> <span class='ocrx_word' id='word_1_63' title='bbox 1274 1811 1370 1884; x_wconf 82' lang='lat' dir='ltr'>falsa</span> 
     </span>
     <span class='ocr_line' id='line_1_10' title="bbox 190 1941 1369 2038; baseline 0.002 -25"><span class='ocrx_word' id='word_1_64' title='bbox 190 1941 519 2038; x_wconf 84' lang='lat' dir='ltr'>(quandoquidem</span> <span class='ocrx_word' id='word_1_65' title='bbox 559 1965 630 2037; x_wconf 88' lang='lat' dir='ltr'>per</span> <span class='ocrx_word' id='word_1_66' title='bbox 667 1942 789 2015; x_wconf 92' lang='lat' dir='ltr'>solam</span> <span class='ocrx_word' id='word_1_67' title='bbox 829 1942 1185 2015; x_wconf 88' lang='lat' dir='ltr'>denominationem</span> <span class='ocrx_word' id='word_1_68' title='bbox 1224 1946 1369 2015; x_wconf 90' lang='lat' dir='ltr'>extrin-</span> 
     </span>
     <span class='ocr_line' id='line_1_11' title="bbox 191 2074 1370 2171; baseline 0.001 -24"><span class='ocrx_word' id='word_1_69' title='bbox 191 2098 321 2147; x_wconf 89' lang='lat' dir='ltr'>secam</span> <span class='ocrx_word' id='word_1_70' title='bbox 360 2074 661 2171; x_wconf 86' lang='lat' dir='ltr'>distinguuntur)</span> <span class='ocrx_word' id='word_1_71' title='bbox 701 2086 742 2146; x_wconf 90' lang='lat' dir='ltr'>et</span> <span class='ocrx_word' id='word_1_72' title='bbox 776 2087 1065 2170; x_wconf 84' lang='lat' dir='ltr'>consequenter</span> <span class='ocrx_word' id='word_1_73' title='bbox 1098 2099 1226 2171; x_wconf 91' lang='lat' dir='ltr'>neque</span> <span class='ocrx_word' id='word_1_74' title='bbox 1254 2079 1370 2148; x_wconf 88' lang='lat' dir='ltr'>etiam</span> 
     </span>
     <span class='ocr_line' id='line_1_12' title="bbox 191 2208 1372 2307; baseline 0.002 -27"><span class='ocrx_word' id='word_1_75' title='bbox 191 2209 326 2302; x_wconf 89' lang='lat' dir='ltr'>homo,</span> <span class='ocrx_word' id='word_1_76' title='bbox 363 2213 426 2307; x_wconf 92' lang='lat' dir='ltr'>qui</span> <span class='ocrx_word' id='word_1_77' title='bbox 460 2233 592 2302; x_wconf 78' lang='lat' dir='ltr'>veraS,</span> <span class='ocrx_word' id='word_1_78' title='bbox 620 2209 824 2303; x_wconf 77' lang='lat' dir='ltr'>praedio,</span> <span class='ocrx_word' id='word_1_79' title='bbox 852 2212 916 2305; x_wconf 93' lang='lat' dir='ltr'>qui</span> <span class='ocrx_word' id='word_1_80' title='bbox 943 2208 1059 2282; x_wconf 83' lang='lat' dir='ltr'>falsas</span> <span class='ocrx_word' id='word_1_81' title='bbox 1085 2222 1236 2281; x_wconf 89' lang='lat' dir='ltr'>tantum</span> <span class='ocrx_word' id='word_1_82' title='bbox 1264 2209 1372 2282; x_wconf 88' lang='lat' dir='ltr'>ideas</span> 
     </span>
     <span class='ocr_line' id='line_1_13' title="bbox 190 2342 1370 2416; baseline 0 -2"><span class='ocrx_word' id='word_1_83' title='bbox 190 2343 361 2415; x_wconf 86' lang='lat' dir='ltr'>habet?&#39;’</span> <span class='ocrx_word' id='word_1_84' title='bbox 399 2342 457 2415; x_wconf 87' lang='lat' dir='ltr'>Cf.</span> <span class='ocrx_word' id='word_1_85' title='bbox 494 2346 610 2415; x_wconf 90' lang='lat' dir='ltr'>etiam</span> <span class='ocrx_word' id='word_1_86' title='bbox 644 2342 710 2416; x_wconf 92' lang='lat' dir='ltr'>Vs.</span> <span class='ocrx_word' id='word_1_87' title='bbox 747 2344 787 2414; x_wconf 89' lang='lat' dir='ltr'>B.</span> <span class='ocrx_word' id='word_1_88' title='bbox 816 2355 855 2414; x_wconf 92' lang='lat' dir='ltr'>et</span> <span class='ocrx_word' id='word_1_89' title='bbox 882 2343 999 2416; x_wconf 87' lang='lat' dir='ltr'>Stern</span> <span class='ocrx_word' id='word_1_90' title='bbox 1026 2343 1076 2415; x_wconf 92' lang='lat' dir='ltr'>ad</span> <span class='ocrx_word' id='word_1_91' title='bbox 1103 2343 1204 2415; x_wconf 91' lang='lat' dir='ltr'>hunc</span> <span class='ocrx_word' id='word_1_92' title='bbox 1232 2343 1370 2415; x_wconf 91' lang='lat' dir='ltr'>locum.</span> 
     </span>
    </p>
   </div>
   <div class='ocr_carea' id='block_1_4' title="bbox 102 2654 1373 3017">
    <p class='ocr_par' dir='ltr' id='par_1_4' title="bbox 102 2654 1373 3017">
     <span class='ocr_line' id='line_1_14' title="bbox 240 2654 1373 2747; baseline 0.001 -21"><span class='ocrx_word' id='word_1_93' title='bbox 240 2655 360 2727; x_wconf 92' lang='lat' dir='ltr'>Liber</span> <span class='ocrx_word' id='word_1_94' title='bbox 394 2654 449 2726; x_wconf 90' lang='lat' dir='ltr'>HI.</span> <span class='ocrx_word' id='word_1_95' title='bbox 490 2678 518 2747; x_wconf 83' lang='lat'>1,</span> <span class='ocrx_word' id='word_1_96' title='bbox 556 2654 677 2727; x_wconf 89' lang='lat' dir='ltr'>dem:</span> <span class='ocrx_word' id='word_1_97' title='bbox 715 2699 793 2747; x_wconf 83' lang='lat'>‚‚-</span> <span class='ocrx_word' id='word_1_98' title='bbox 822 2656 919 2727; x_wconf 87' lang='lat' dir='ltr'>aliae</span> <span class='ocrx_word' id='word_1_99' title='bbox 948 2667 1078 2727; x_wconf 91' lang='lat' dir='ltr'>autem</span> <span class='ocrx_word' id='word_1_100' title='bbox 1105 2655 1307 2727; x_wconf 87' lang='lat' dir='ltr'>mutilatae</span> <span class='ocrx_word' id='word_1_101' title='bbox 1333 2666 1373 2727; x_wconf 94' lang='lat' dir='ltr'>et</span> 
     </span>
     <span class='ocr_line' id='line_1_15' title="bbox 102 2788 1043 2885; baseline 0.002 -25"><span class='ocrx_word' id='word_1_102' title='bbox 102 2876 105 2883; x_wconf 23' lang='grc' dir='ltr'>Ι</span> <span class='ocrx_word' id='word_1_103' title='bbox 192 2788 378 2861; x_wconf 86' lang='lat' dir='ltr'>confusae</span> <span class='ocrx_word' id='word_1_104' title='bbox 405 2790 489 2883; x_wconf 85' lang='lat' dir='ltr'>(per</span> <span class='ocrx_word' id='word_1_105' title='bbox 516 2789 634 2861; x_wconf 92' lang='lat' dir='ltr'>schol.</span> <span class='ocrx_word' id='word_1_106' title='bbox 661 2789 776 2884; x_wconf 92' lang='lat' dir='ltr'>Prop.</span> <span class='ocrx_word' id='word_1_107' title='bbox 804 2808 868 2883; x_wconf 81' lang='lat'>40,</span> <span class='ocrx_word' id='word_1_108' title='bbox 897 2814 933 2884; x_wconf 93' lang='lat' dir='ltr'>p.</span> <span class='ocrx_word' id='word_1_109' title='bbox 962 2790 1043 2885; x_wconf 83' lang='lat'><strong>2.)&#39;&#39;</strong></span> 
     </span>
     <span class='ocr_line' id='line_1_16' title="bbox 240 2921 1008 3017; baseline 0.003 -25"><span class='ocrx_word' id='word_1_110' title='bbox 240 2921 470 3017; x_wconf 85' lang='lat' dir='ltr'>Legendum</span> <span class='ocrx_word' id='word_1_111' title='bbox 497 2921 650 2995; x_wconf 91' lang='lat' dir='ltr'>videtur</span> <span class='ocrx_word' id='word_1_112' title='bbox 677 2945 778 3016; x_wconf 82' lang='lat' dir='ltr'>„per</span> <span class='ocrx_word' id='word_1_113' title='bbox 805 2922 922 2995; x_wconf 91' lang='lat' dir='ltr'>schol.</span> <span class='ocrx_word' id='word_1_114' title='bbox 952 2923 1008 2994; x_wconf 91' lang='lat'>2.&#39;’</span> 
     </span>
    </p>
   </div>
   <div class='ocr_carea' id='block_1_5' title="bbox 107 3229 1373 3461">
    <p class='ocr_par' dir='ltr' id='par_1_5' title="bbox 107 3229 1373 3461">
     <span class='ocr_line' id='line_1_17' title="bbox 242 3229 1371 3325; baseline 0.004 -25"><span class='ocrx_word' id='word_1_115' title='bbox 242 3229 331 3303; x_wconf 92' lang='lat' dir='ltr'>ibid.</span> <span class='ocrx_word' id='word_1_116' title='bbox 371 3248 429 3322; x_wconf 81' lang='lat'>47,</span> <span class='ocrx_word' id='word_1_117' title='bbox 470 3229 606 3302; x_wconf 92' lang='lat' dir='ltr'>schol.:</span> <span class='ocrx_word' id='word_1_118' title='bbox 649 3230 846 3323; x_wconf 81' lang='lat' dir='ltr'>„Quoties</span> <span class='ocrx_word' id='word_1_119' title='bbox 884 3234 986 3303; x_wconf 91' lang='lat' dir='ltr'>enim</span> <span class='ocrx_word' id='word_1_120' title='bbox 1020 3235 1076 3304; x_wconf 92' lang='lat' dir='ltr'>rei</span> <span class='ocrx_word' id='word_1_121' title='bbox 1109 3232 1371 3325; x_wconf 85' lang='lat' dir='ltr'>recordamur,</span> 
     </span>
     <span class='ocr_line' id='line_1_18' title="bbox 107 3364 1373 3461; baseline 0.001 -24"><span class='ocrx_word' id='word_1_122' title='bbox 107 3392 110 3396; x_wconf 87' lang='lat'>·</span> <span class='ocrx_word' id='word_1_123' title='bbox 193 3367 367 3461; x_wconf 86' lang='lat' dir='ltr'>quamvis</span> <span class='ocrx_word' id='word_1_124' title='bbox 406 3367 490 3458; x_wconf 88' lang='lat' dir='ltr'>ipsa</span> <span class='ocrx_word' id='word_1_125' title='bbox 529 3375 619 3436; x_wconf 89' lang='lat' dir='ltr'>actu</span> <span class='ocrx_word' id='word_1_126' title='bbox 653 3388 732 3436; x_wconf 95' lang='lat' dir='ltr'>non</span> <span class='ocrx_word' id='word_1_127' title='bbox 766 3366 927 3456; x_wconf 83' lang='lat' dir='ltr'>existat,</span> <span class='ocrx_word' id='word_1_128' title='bbox 961 3364 1127 3437; x_wconf 93' lang='lat' dir='ltr'>eandem</span> <span class='ocrx_word' id='word_1_129' title='bbox 1154 3375 1303 3437; x_wconf 84' lang='lat' dir='ltr'>tantum</span> <span class='ocrx_word' id='word_1_130' title='bbox 1330 3377 1373 3438; x_wconf 92' lang='lat' dir='ltr'>ut</span> 
     </span>
    </p>
   </div>
   <div class='ocr_carea' id='block_1_6' title="bbox 194 3498 1375 4528">
    <p class='ocr_par' dir='ltr' id='par_1_6' title="bbox 194 3498 814 3594">
     <span class='ocr_line' id='line_1_19' title="bbox 194 3498 814 3594; baseline -0.003 -24"><span class='ocrx_word' id='word_1_131' title='bbox 194 3511 442 3594; x_wconf 88' lang='lat' dir='ltr'>praesentem</span> <span class='ocrx_word' id='word_1_132' title='bbox 470 3498 814 3592; x_wconf 90' lang='lat' dir='ltr'>contemplamur.&#39;&#39;</span> 
     </span>
    </p>

    <p class='ocr_par' dir='ltr' id='par_1_7' title="bbox 194 3629 1375 4528">
     <span class='ocr_line' id='line_1_20' title="bbox 244 3629 1373 3728; baseline -0.002 -23"><span class='ocrx_word' id='word_1_133' title='bbox 244 3633 527 3728; x_wconf 84' lang='lat' dir='ltr'>Corrigendum</span> <span class='ocrx_word' id='word_1_134' title='bbox 562 3631 714 3705; x_wconf 89' lang='lat' dir='ltr'>videtur</span> <span class='ocrx_word' id='word_1_135' title='bbox 748 3642 880 3703; x_wconf 80' lang='lat' dir='ltr'>tamen.</span> <span class='ocrx_word' id='word_1_136' title='bbox 916 3629 974 3703; x_wconf 82' lang='lat' dir='ltr'>Cf.</span> <span class='ocrx_word' id='word_1_137' title='bbox 1002 3630 1148 3723; x_wconf 87' lang='lat' dir='ltr'>locum,</span> <span class='ocrx_word' id='word_1_138' title='bbox 1181 3631 1231 3703; x_wconf 92' lang='lat' dir='ltr'>ad</span> <span class='ocrx_word' id='word_1_139' title='bbox 1258 3655 1373 3726; x_wconf 92' lang='lat' dir='ltr'>quem</span> 
     </span>
     <span class='ocr_line' id='line_1_21' title="bbox 194 3763 1373 3861; baseline -0.004 -22"><span class='ocrx_word' id='word_1_140' title='bbox 194 3778 383 3861; x_wconf 92' lang='lat' dir='ltr'>provocat</span> <span class='ocrx_word' id='word_1_141' title='bbox 408 3765 474 3860; x_wconf 88' lang='lat' dir='ltr'>Sp.</span> <span class='ocrx_word' id='word_1_142' title='bbox 502 3766 651 3838; x_wconf 92' lang='lat' dir='ltr'>scilicet</span> <span class='ocrx_word' id='word_1_143' title='bbox 677 3764 716 3836; x_wconf 90' lang='grc' dir='ltr'>ΙΙ.</span> <span class='ocrx_word' id='word_1_144' title='bbox 745 3783 799 3857; x_wconf 82' lang='grc'>17,</span> <span class='ocrx_word' id='word_1_145' title='bbox 814 3764 966 3856; x_wconf 89' lang='lat' dir='ltr'>coroll.,</span> <span class='ocrx_word' id='word_1_146' title='bbox 990 3763 1054 3836; x_wconf 92' lang='lat' dir='ltr'>ubi</span> <span class='ocrx_word' id='word_1_147' title='bbox 1076 3766 1280 3859; x_wconf 83' lang='lat' dir='ltr'>„quamvis</span> <span class='ocrx_word' id='word_1_148' title='bbox 1294 3787 1373 3836; x_wconf 92' lang='lat' dir='ltr'>non</span> 
     </span>
     <span class='ocr_line' id='line_1_22' title="bbox 194 3898 1374 3993; baseline 0 -23"><span class='ocrx_word' id='word_1_149' title='bbox 194 3903 366 3972; x_wconf 86' lang='lat' dir='ltr'>existant</span> <span class='ocrx_word' id='word_1_150' title='bbox 400 3922 473 3971; x_wconf 89' lang='lat' dir='ltr'>nec</span> <span class='ocrx_word' id='word_1_151' title='bbox 500 3901 722 3993; x_wconf 88' lang='lat' dir='ltr'>praesentia</span> <span class='ocrx_word' id='word_1_152' title='bbox 748 3902 842 3991; x_wconf 82' lang='lat' dir='ltr'>sint,</span> <span class='ocrx_word' id='word_1_153' title='bbox 875 3898 1131 3992; x_wconf 89' lang='lat' dir='ltr'>contemplari</span> <span class='ocrx_word' id='word_1_154' title='bbox 1158 3906 1279 3968; x_wconf 80' lang='lat' dir='ltr'>tomen</span> <span class='ocrx_word' id='word_1_155' title='bbox 1306 3921 1374 3990; x_wconf 95' lang='lat' dir='ltr'>po-</span> 
     </span>
     <span class='ocr_line' id='line_1_23' title="bbox 194 4031 1374 4126; baseline -0.003 -22"><span class='ocrx_word' id='word_1_156' title='bbox 194 4037 301 4125; x_wconf 88' lang='lat' dir='ltr'>terit,</span> <span class='ocrx_word' id='word_1_157' title='bbox 350 4032 455 4105; x_wconf 88' lang='lat' dir='ltr'>velut</span> <span class='ocrx_word' id='word_1_158' title='bbox 501 4036 723 4126; x_wconf 90' lang='lat' dir='ltr'>praesentia</span> <span class='ocrx_word' id='word_1_159' title='bbox 762 4033 937 4124; x_wconf 85' lang='lat' dir='ltr'>essent,&#39;’</span> <span class='ocrx_word' id='word_1_160' title='bbox 977 4044 1017 4103; x_wconf 90' lang='lat' dir='ltr'>et</span> <span class='ocrx_word' id='word_1_161' title='bbox 1056 4031 1191 4104; x_wconf 91' lang='lat' dir='ltr'>similia</span> <span class='ocrx_word' id='word_1_162' title='bbox 1230 4032 1374 4125; x_wconf 90' lang='lat' dir='ltr'>passim</span> 
     </span>
     <span class='ocr_line' id='line_1_24' title="bbox 195 4163 1374 4239; baseline -0.004 0"><span class='ocrx_word' id='word_1_163' title='bbox 195 4177 416 4239; x_wconf 90' lang='lat' dir='ltr'>occurrunt.</span> <span class='ocrx_word' id='word_1_164' title='bbox 456 4163 561 4237; x_wconf 82' lang='lat' dir='ltr'>Audi</span> <span class='ocrx_word' id='word_1_165' title='bbox 601 4169 717 4238; x_wconf 89' lang='lat' dir='ltr'>etiam</span> <span class='ocrx_word' id='word_1_166' title='bbox 756 4165 822 4237; x_wconf 89' lang='lat' dir='ltr'>Vs.</span> <span class='ocrx_word' id='word_1_167' title='bbox 858 4166 898 4236; x_wconf 88' lang='lat' dir='ltr'>B.</span> <span class='ocrx_word' id='word_1_168' title='bbox 932 4164 982 4236; x_wconf 98' lang='lat' dir='ltr'>ad</span> <span class='ocrx_word' id='word_1_169' title='bbox 1018 4177 1192 4236; x_wconf 93' lang='lat' dir='ltr'>nostrum</span> <span class='ocrx_word' id='word_1_170' title='bbox 1227 4165 1374 4236; x_wconf 91' lang='lat' dir='ltr'>locum:</span> 
     </span>
     <span class='ocr_line' id='line_1_25' title="bbox 197 4297 1375 4404; baseline -0.001 -34"><span class='ocrx_word' id='word_1_171' title='bbox 197 4299 373 4392; x_wconf 80' lang='lat' dir='ltr'>„hoewel</span> <span class='ocrx_word' id='word_1_172' title='bbox 400 4301 441 4393; x_wconf 87' lang='lat' dir='ltr'>zij</span> <span class='ocrx_word' id='word_1_173' title='bbox 470 4301 551 4370; x_wconf 91' lang='lat' dir='ltr'>niet</span> <span class='ocrx_word' id='word_1_174' title='bbox 577 4298 743 4394; x_wconf 88' lang='lat' dir='ltr'>dadelijk</span> <span class='ocrx_word' id='word_1_175' title='bbox 770 4297 984 4404; x_wconf 87' lang='lat' dir='ltr'>wezentlijk</span> <span class='ocrx_word' id='word_1_176' title='bbox 1011 4301 1061 4389; x_wconf 86' lang='lat' dir='ltr'>is,</span> <span class='ocrx_word' id='word_1_177' title='bbox 1089 4322 1134 4370; x_wconf 89' lang='lat' dir='ltr'>zo</span> <span class='ocrx_word' id='word_1_178' title='bbox 1162 4298 1375 4370; x_wconf 89' lang='lat' dir='ltr'>aanschou·</span> 
     </span>
     <span class='ocr_line' id='line_1_26' title="bbox 194 4430 1171 4528; baseline -0.004 -24"><span class='ocrx_word' id='word_1_179' title='bbox 194 4456 281 4504; x_wconf 86' lang='lat' dir='ltr'>wen</span> <span class='ocrx_word' id='word_1_180' title='bbox 307 4435 363 4528; x_wconf 87' lang='lat' dir='ltr'>wij</span> <span class='ocrx_word' id='word_1_181' title='bbox 390 4433 506 4503; x_wconf 78' lang='lat' dir='ltr'>echter</span> <span class='ocrx_word' id='word_1_182' title='bbox 531 4431 580 4504; x_wconf 93' lang='lat' dir='ltr'>de</span> <span class='ocrx_word' id='word_1_183' title='bbox 608 4430 732 4503; x_wconf 89' lang='lat' dir='ltr'>zelfde</span> <span class='ocrx_word' id='word_1_184' title='bbox 760 4431 816 4503; x_wconf 92' lang='lat' dir='ltr'>als</span> <span class='ocrx_word' id='word_1_185' title='bbox 842 4430 1171 4525; x_wconf 82' lang='lat' dir='ltr'>tegenwoordig.&#39;’</span> 
     </span>
    </p>
   </div>
   <div class='ocr_carea' id='block_1_7' title="bbox 0 0 1574 5070">
    <p class='ocr_par' dir='ltr' id='par_1_8' title="bbox 0 0 1574 5070">
     <span class='ocr_line' id='line_1_27' title="bbox 0 0 1574 5070; baseline 0 0"><span class='ocrx_word' id='word_1_186' title='bbox 0 0 1574 5070; x_wconf 95' lang='lat' dir='ltr'> </span> 
     </span>
    </p>
   </div>
  </div>
 </body>
</html>
