<?xml version="1.0" encoding="UTF-8"?>
<!DOCTYPE html PUBLIC "-//W3C//DTD XHTML 1.0 Transitional//EN"
    "http://www.w3.org/TR/xhtml1/DTD/xhtml1-transitional.dtd">
<html xmlns="http://www.w3.org/1999/xhtml" xml:lang="en" lang="en">
 <head>
  <title>
</title>
<meta http-equiv="Content-Type" content="text/html;charset=utf-8" />
  <meta name='ocr-system' content='tesseract 3.04.00' />
  <meta name='ocr-capabilities' content='ocr_page ocr_carea ocr_par ocr_line ocrx_word'/>
</head>
<body>
  <div class='ocr_page' id='page_1' title='image "./adspinozaeopera00leopgoog_0041.png"; bbox 0 0 3120 5070; ppageno 0'>
   <div class='ocr_carea' id='block_1_1' title="bbox 681 480 810 533">
    <p class='ocr_par' dir='ltr' id='par_1_1' title="bbox 681 480 810 533">
     <span class='ocr_line' id='line_1_1' title="bbox 681 480 810 533; baseline 0 0"><span class='ocrx_word' id='word_1_1' title='bbox 681 480 810 533; x_wconf 89' lang='lat'><strong>-20</strong></span> 
     </span>
    </p>
   </div>
   <div class='ocr_carea' id='block_1_2' title="bbox 190 682 1377 3315">
    <p class='ocr_par' dir='ltr' id='par_1_2' title="bbox 190 682 1377 2088">
     <span class='ocr_line' id='line_1_2' title="bbox 198 682 1374 779; baseline 0 -23"><span class='ocrx_word' id='word_1_2' title='bbox 198 696 337 779; x_wconf 88' lang='lat' dir='ltr'><strong>ceptus</strong></span> <span class='ocrx_word' id='word_1_3' title='bbox 375 683 664 779; x_wconf 90' lang='lat' dir='ltr'><strong>philosophicos</strong></span> <span class='ocrx_word' id='word_1_4' title='bbox 702 683 877 778; x_wconf 91' lang='lat' dir='ltr'><strong>Hispana</strong></span> <span class='ocrx_word' id='word_1_5' title='bbox 916 683 977 755; x_wconf 92' lang='lat' dir='ltr'><strong>vel</strong></span> <span class='ocrx_word' id='word_1_6' title='bbox 1016 682 1212 756; x_wconf 87' lang='lat' dir='ltr'><strong>Hebraica</strong></span> <span class='ocrx_word' id='word_1_7' title='bbox 1242 685 1274 778; x_wconf 81' lang='grc' dir='ltr'><strong>Ι)</strong></span> <span class='ocrx_word' id='word_1_8' title='bbox 1313 685 1374 756; x_wconf 93' lang='lat' dir='ltr'><strong>vel</strong></span> 
     </span>
     <span class='ocr_line' id='line_1_3' title="bbox 194 814 1377 912; baseline 0 -23"><span class='ocrx_word' id='word_1_9' title='bbox 194 818 270 890; x_wconf 91' lang='lat' dir='ltr'><strong>ulla</strong></span> <span class='ocrx_word' id='word_1_10' title='bbox 308 817 381 889; x_wconf 91' lang='lat' dir='ltr'><strong>alia</strong></span> <span class='ocrx_word' id='word_1_11' title='bbox 416 819 487 890; x_wconf 92' lang='lat' dir='ltr'><strong>nisi</strong></span> <span class='ocrx_word' id='word_1_12' title='bbox 522 816 663 888; x_wconf 86' lang='lat' dir='ltr'><strong>Latina</strong></span> <span class='ocrx_word' id='word_1_13' title='bbox 696 815 824 911; x_wconf 87' lang='lat' dir='ltr'><strong>lingua</strong></span> <span class='ocrx_word' id='word_1_14' title='bbox 858 827 966 888; x_wconf 91' lang='lat' dir='ltr'><strong>recte</strong></span> <span class='ocrx_word' id='word_1_15' title='bbox 994 827 1034 888; x_wconf 90' lang='lat' dir='ltr'><strong>et</strong></span> <span class='ocrx_word' id='word_1_16' title='bbox 1061 814 1279 912; x_wconf 88' lang='lat' dir='ltr'><strong>adaequate</strong></span> <span class='ocrx_word' id='word_1_17' title='bbox 1306 840 1377 889; x_wconf 89' lang='lat' dir='ltr'><strong>ex-</strong></span> 
     </span>
     <span class='ocr_line' id='line_1_4' title="bbox 194 950 1375 1047; baseline 0.001 -25"><span class='ocrx_word' id='word_1_18' title='bbox 194 953 361 1046; x_wconf 91' lang='lat' dir='ltr'><strong>primere</strong></span> <span class='ocrx_word' id='word_1_19' title='bbox 400 961 650 1047; x_wconf 81' lang='lat' dir='ltr'><strong>mentemque</strong></span> <span class='ocrx_word' id='word_1_20' title='bbox 673 973 797 1023; x_wconf 65' lang='lat' dir='ltr'><strong>‘suam</strong></span> <span class='ocrx_word' id='word_1_21' title='bbox 832 950 1031 1044; x_wconf 88' lang='lat' dir='ltr'><strong>explicare</strong></span> <span class='ocrx_word' id='word_1_22' title='bbox 1066 960 1106 1022; x_wconf 89' lang='lat' dir='ltr'><strong>et</strong></span> <span class='ocrx_word' id='word_1_23' title='bbox 1132 953 1307 1044; x_wconf 90' lang='lat' dir='ltr'><strong>potuisse</strong></span> <span class='ocrx_word' id='word_1_24' title='bbox 1334 962 1375 1023; x_wconf 92' lang='lat' dir='ltr'><strong>et</strong></span> 
     </span>
     <span class='ocr_line' id='line_1_5' title="bbox 193 1083 1375 1179; baseline -0.002 -21"><span class='ocrx_word' id='word_1_25' title='bbox 193 1084 386 1158; x_wconf 81' lang='lat' dir='ltr'><strong>voluisse?</strong></span> <span class='ocrx_word' id='word_1_26' title='bbox 413 1085 524 1178; x_wconf 82' lang='lat' dir='ltr'><strong>Quae</strong></span> <span class='ocrx_word' id='word_1_27' title='bbox 551 1108 615 1156; x_wconf 90' lang='lat' dir='ltr'><strong>res</strong></span> <span class='ocrx_word' id='word_1_28' title='bbox 641 1107 756 1179; x_wconf 92' lang='lat' dir='ltr'><strong>quam</strong></span> <span class='ocrx_word' id='word_1_29' title='bbox 783 1107 918 1177; x_wconf 92' lang='lat' dir='ltr'><strong>parum</strong></span> <span class='ocrx_word' id='word_1_30' title='bbox 943 1085 991 1156; x_wconf 93' lang='lat' dir='ltr'><strong>sit</strong></span> <span class='ocrx_word' id='word_1_31' title='bbox 1004 1083 1236 1177; x_wconf 90' lang='lat' dir='ltr'><strong>verisimilis,</strong></span> <span class='ocrx_word' id='word_1_32' title='bbox 1260 1083 1375 1156; x_wconf 88' lang='lat' dir='ltr'><strong>facile</strong></span> 
     </span>
     <span class='ocr_line' id='line_1_6' title="bbox 193 1215 1375 1313; baseline -0.001 -22"><span class='ocrx_word' id='word_1_33' title='bbox 193 1241 329 1292; x_wconf 90' lang='lat' dir='ltr'><strong>omnes</strong></span> <span class='ocrx_word' id='word_1_34' title='bbox 356 1220 542 1311; x_wconf 89' lang='lat' dir='ltr'><strong>sentient,</strong></span> <span class='ocrx_word' id='word_1_35' title='bbox 571 1219 635 1313; x_wconf 92' lang='lat' dir='ltr'><strong>qui</strong></span> <span class='ocrx_word' id='word_1_36' title='bbox 658 1240 705 1288; x_wconf 89' lang='lat' dir='ltr'><strong>ea</strong></span> <span class='ocrx_word' id='word_1_37' title='bbox 727 1215 994 1309; x_wconf 83' lang='lat' dir='ltr'><strong>recordantur,</strong></span> <span class='ocrx_word' id='word_1_38' title='bbox 1018 1240 1117 1313; x_wconf 88' lang='lat' dir='ltr'><strong>quae</strong></span> <span class='ocrx_word' id='word_1_39' title='bbox 1140 1215 1206 1311; x_wconf 87' lang='lat' dir='ltr'><strong>Sp.</strong></span> <span class='ocrx_word' id='word_1_40' title='bbox 1228 1217 1375 1290; x_wconf 89' lang='lat' dir='ltr'><strong>Batave</strong></span> 
     </span>
     <span class='ocr_line' id='line_1_7' title="bbox 193 1349 1377 1445; baseline -0.001 -22"><span class='ocrx_word' id='word_1_41' title='bbox 193 1350 242 1423; x_wconf 91' lang='lat' dir='ltr'><strong>de</strong></span> <span class='ocrx_word' id='word_1_42' title='bbox 265 1350 508 1445; x_wconf 85' lang='lat' dir='ltr'>philosophia</span> <span class='ocrx_word' id='word_1_43' title='bbox 532 1374 601 1423; x_wconf 92' lang='lat' dir='ltr'><strong>sua</strong></span> <span class='ocrx_word' id='word_1_44' title='bbox 624 1351 871 1444; x_wconf 86' lang='lat' dir='ltr'><strong>conscripsit,</strong></span> <span class='ocrx_word' id='word_1_45' title='bbox 894 1351 933 1420; x_wconf 92' lang='lat' dir='ltr'><strong>in</strong></span> <span class='ocrx_word' id='word_1_46' title='bbox 955 1349 1094 1445; x_wconf 93' lang='lat' dir='ltr'><strong>quibus</strong></span> <span class='ocrx_word' id='word_1_47' title='bbox 1115 1349 1198 1422; x_wconf 88' lang='lat' dir='ltr'><strong>fere</strong></span> <span class='ocrx_word' id='word_1_48' title='bbox 1219 1373 1377 1445; x_wconf 85' lang='lat' dir='ltr'><strong>semper</strong></span> 
     </span>
     <span class='ocr_line' id='line_1_8' title="bbox 193 1481 1376 1578; baseline 0.002 -24"><span class='ocrx_word' id='word_1_49' title='bbox 193 1483 360 1578; x_wconf 83' lang='lat' dir='ltr'><strong>linguam</strong></span> <span class='ocrx_word' id='word_1_50' title='bbox 399 1482 580 1554; x_wconf 85' lang='lat' dir='ltr'><strong>Latinam</strong></span> <span class='ocrx_word' id='word_1_51' title='bbox 620 1481 844 1575; x_wconf 88' lang='lat' dir='ltr'><strong>subaudias,</strong></span> <span class='ocrx_word' id='word_1_52' title='bbox 886 1485 1027 1578; x_wconf 88' lang='lat' dir='ltr'><strong>quique</strong></span> <span class='ocrx_word' id='word_1_53' title='bbox 1066 1485 1138 1577; x_wconf 92' lang='lat' dir='ltr'><strong>ipsi</strong></span> <span class='ocrx_word' id='word_1_54' title='bbox 1172 1485 1210 1554; x_wconf 92' lang='lat' dir='ltr'><strong>in</strong></span> <span class='ocrx_word' id='word_1_55' title='bbox 1244 1484 1376 1556; x_wconf 89' lang='lat' dir='ltr'><strong>elucu-</strong></span> 
     </span>
     <span class='ocr_line' id='line_1_9' title="bbox 190 1614 1374 1712; baseline 0.002 -24"><span class='ocrx_word' id='word_1_56' title='bbox 190 1614 340 1688; x_wconf 88' lang='lat' dir='ltr'><strong>branda</strong></span> <span class='ocrx_word' id='word_1_57' title='bbox 373 1618 456 1688; x_wconf 92' lang='lat' dir='ltr'><strong>eius</strong></span> <span class='ocrx_word' id='word_1_58' title='bbox 486 1615 729 1710; x_wconf 91' lang='lat' dir='ltr'><strong>philosophia</strong></span> <span class='ocrx_word' id='word_1_59' title='bbox 757 1618 911 1710; x_wconf 86' lang='lat' dir='ltr'><strong>experti</strong></span> <span class='ocrx_word' id='word_1_60' title='bbox 938 1626 1045 1709; x_wconf 94' lang='lat' dir='ltr'><strong>sunt,</strong></span> <span class='ocrx_word' id='word_1_61' title='bbox 1077 1640 1192 1712; x_wconf 88' lang='lat' dir='ltr'><strong>quam</strong></span> <span class='ocrx_word' id='word_1_62' title='bbox 1218 1619 1374 1712; x_wconf 91' lang='lat' dir='ltr'><strong>penitus</strong></span> 
     </span>
     <span class='ocr_line' id='line_1_10' title="bbox 192 1737 1374 1845; baseline 0.003 -24"><span class='ocrx_word' id='word_1_63' title='bbox 192 1760 232 1821; x_wconf 90' lang='lat' dir='ltr'><strong>et</strong></span> <span class='ocrx_word' id='word_1_64' title='bbox 270 1751 402 1821; x_wconf 89' lang='lat' dir='ltr'><strong>intime</strong></span> <span class='ocrx_word' id='word_1_65' title='bbox 437 1737 525 1821; x_wconf 81' lang='lat' dir='ltr'><strong>tota</strong></span> <span class='ocrx_word' id='word_1_66' title='bbox 557 1749 619 1821; x_wconf 93' lang='lat' dir='ltr'><strong>illa</strong></span> <span class='ocrx_word' id='word_1_67' title='bbox 654 1747 833 1822; x_wconf 91' lang='lat' dir='ltr'><strong>doctrina</strong></span> <span class='ocrx_word' id='word_1_68' title='bbox 868 1774 955 1822; x_wconf 90' lang='lat' dir='ltr'><strong>cum</strong></span> <span class='ocrx_word' id='word_1_69' title='bbox 995 1773 1042 1822; x_wconf 92' lang='lat' dir='ltr'><strong>ea</strong></span> <span class='ocrx_word' id='word_1_70' title='bbox 1073 1749 1202 1845; x_wconf 89' lang='lat' dir='ltr'><strong>lingua</strong></span> <span class='ocrx_word' id='word_1_71' title='bbox 1234 1752 1374 1824; x_wconf 92' lang='lat' dir='ltr'><strong>cohae-</strong></span> 
     </span>
     <span class='ocr_line' id='line_1_11' title="bbox 192 1882 1373 1978; baseline 0 -23"><span class='ocrx_word' id='word_1_72' title='bbox 192 1895 294 1976; x_wconf 85' lang='lat' dir='ltr'><strong>reat,</strong></span> <span class='ocrx_word' id='word_1_73' title='bbox 330 1906 401 1978; x_wconf 90' lang='lat' dir='ltr'><strong>per</strong></span> <span class='ocrx_word' id='word_1_74' title='bbox 440 1885 549 1955; x_wconf 91' lang='lat' dir='ltr'><strong>cuius</strong></span> <span class='ocrx_word' id='word_1_75' title='bbox 588 1883 707 1956; x_wconf 90' lang='lat' dir='ltr'><strong>verba</strong></span> <span class='ocrx_word' id='word_1_76' title='bbox 729 1895 957 1978; x_wconf 83' lang='lat' dir='ltr'><strong>conceptus</strong></span> <span class='ocrx_word' id='word_1_77' title='bbox 988 1886 1101 1977; x_wconf 93' lang='lat' dir='ltr'><strong>primi</strong></span> <span class='ocrx_word' id='word_1_78' title='bbox 1128 1882 1373 1978; x_wconf 87' lang='lat' dir='ltr'><strong>exprimendi</strong></span> 
     </span>
     <span class='ocr_line' id='line_1_12' title="bbox 192 2027 313 2088; baseline -0.008 0"><span class='ocrx_word' id='word_1_79' title='bbox 192 2027 313 2088; x_wconf 90' lang='lat' dir='ltr'><strong>erant.</strong></span> 
     </span>
    </p>

    <p class='ocr_par' dir='ltr' id='par_1_3' title="bbox 190 2148 1376 2889">
     <span class='ocr_line' id='line_1_13' title="bbox 238 2148 1374 2246; baseline 0.003 -26"><span class='ocrx_word' id='word_1_80' title='bbox 238 2148 391 2222; x_wconf 91' lang='lat' dir='ltr'><strong>Deinde</strong></span> <span class='ocrx_word' id='word_1_81' title='bbox 417 2160 530 2235; x_wconf 86' lang='lat' dir='ltr'><strong>estne</strong></span> <span class='ocrx_word' id='word_1_82' title='bbox 558 2149 764 2223; x_wconf 92' lang='lat' dir='ltr'><strong>verisimile</strong></span> <span class='ocrx_word' id='word_1_83' title='bbox 793 2149 1000 2245; x_wconf 86' lang='lat' dir='ltr'><strong>Spinozam</strong></span> <span class='ocrx_word' id='word_1_84' title='bbox 1021 2175 1158 2224; x_wconf 89' lang='lat' dir='ltr'><strong>revera</strong></span> <span class='ocrx_word' id='word_1_85' title='bbox 1178 2154 1374 2246; x_wconf 84' lang='lat' dir='ltr'><strong>cogitasse</strong></span> 
     </span>
     <span class='ocr_line' id='line_1_14' title="bbox 190 2282 1376 2379; baseline 0.001 -23"><span class='ocrx_word' id='word_1_86' title='bbox 190 2282 241 2356; x_wconf 90' lang='lat' dir='ltr'><strong>de</strong></span> <span class='ocrx_word' id='word_1_87' title='bbox 279 2283 399 2356; x_wconf 89' lang='lat' dir='ltr'><strong>literis</strong></span> <span class='ocrx_word' id='word_1_88' title='bbox 439 2282 643 2378; x_wconf 92' lang='lat' dir='ltr'><strong>Hispanis,</strong></span> <span class='ocrx_word' id='word_1_89' title='bbox 679 2283 741 2356; x_wconf 89' lang='lat' dir='ltr'><strong>vel</strong></span> <span class='ocrx_word' id='word_1_90' title='bbox 776 2283 1037 2379; x_wconf 89' lang='lat' dir='ltr'><strong>Portugaicis,</strong></span> <span class='ocrx_word' id='word_1_91' title='bbox 1073 2284 1134 2357; x_wconf 90' lang='lat' dir='ltr'><strong>vel</strong></span> <span class='ocrx_word' id='word_1_92' title='bbox 1168 2284 1376 2357; x_wconf 87' lang='lat' dir='ltr'><strong>Hebraicis</strong></span> 
     </span>
     <span class='ocr_line' id='line_1_15' title="bbox 190 2415 1372 2512; baseline 0 -23"><span class='ocrx_word' id='word_1_93' title='bbox 190 2416 389 2489; x_wconf 89' lang='lat' dir='ltr'><strong>mittendis</strong></span> <span class='ocrx_word' id='word_1_94' title='bbox 416 2415 466 2488; x_wconf 94' lang='lat' dir='ltr'><strong>ad</strong></span> <span class='ocrx_word' id='word_1_95' title='bbox 492 2429 754 2489; x_wconf 89' lang='lat' dir='ltr'><strong>mercatorem</strong></span> <span class='ocrx_word' id='word_1_96' title='bbox 780 2416 1114 2510; x_wconf 87' lang='lat' dir='ltr'><strong>Dordracensem,</strong></span> <span class='ocrx_word' id='word_1_97' title='bbox 1143 2420 1372 2512; x_wconf 90' lang='lat' dir='ltr'><strong>praesertim</strong></span> 
     </span>
     <span class='ocr_line' id='line_1_16' title="bbox 190 2549 1375 2646; baseline 0.001 -25"><span class='ocrx_word' id='word_1_98' title='bbox 190 2549 240 2622; x_wconf 94' lang='lat' dir='ltr'><strong>ad</strong></span> <span class='ocrx_word' id='word_1_99' title='bbox 279 2573 384 2642; x_wconf 91' lang='lat' dir='ltr'><strong>eum,</strong></span> <span class='ocrx_word' id='word_1_100' title='bbox 425 2574 541 2646; x_wconf 92' lang='lat' dir='ltr'><strong>quem</strong></span> <span class='ocrx_word' id='word_1_101' title='bbox 580 2550 733 2646; x_wconf 86' lang='lat' dir='ltr'><strong>linguae</strong></span> <span class='ocrx_word' id='word_1_102' title='bbox 772 2551 936 2624; x_wconf 89' lang='lat' dir='ltr'><strong>Latinae</strong></span> <span class='ocrx_word' id='word_1_103' title='bbox 973 2551 1109 2625; x_wconf 90' lang='lat' dir='ltr'><strong>saltem</strong></span> <span class='ocrx_word' id='word_1_104' title='bbox 1143 2550 1244 2624; x_wconf 92' lang='lat' dir='ltr'><strong>adeo</strong></span> <span class='ocrx_word' id='word_1_105' title='bbox 1273 2553 1375 2646; x_wconf 89' lang='lat' dir='ltr'><strong>peri·</strong></span> 
     </span>
     <span class='ocr_line' id='line_1_17' title="bbox 190 2682 1374 2779; baseline 0.002 -25"><span class='ocrx_word' id='word_1_106' title='bbox 190 2695 271 2755; x_wconf 95' lang='lat' dir='ltr'><strong>tum</strong></span> <span class='ocrx_word' id='word_1_107' title='bbox 318 2685 452 2774; x_wconf 90' lang='lat' dir='ltr'><strong>sciret,</strong></span> <span class='ocrx_word' id='word_1_108' title='bbox 505 2693 547 2753; x_wconf 94' lang='lat' dir='ltr'><strong>ut</strong></span> <span class='ocrx_word' id='word_1_109' title='bbox 585 2682 779 2777; x_wconf 89' lang='lat' dir='ltr'><strong>Principia</strong></span> <span class='ocrx_word' id='word_1_110' title='bbox 825 2683 965 2757; x_wconf 91' lang='lat' dir='ltr'><strong>Philos.</strong></span> <span class='ocrx_word' id='word_1_111' title='bbox 1014 2683 1119 2757; x_wconf 91' lang='lat' dir='ltr'><strong>Cart.</strong></span> <span class='ocrx_word' id='word_1_112' title='bbox 1168 2685 1374 2779; x_wconf 90' lang='lat' dir='ltr'><strong>perlegere</strong></span> 
     </span>
     <span class='ocr_line' id='line_1_18' title="bbox 191 2815 396 2889; baseline -0.01 0"><span class='ocrx_word' id='word_1_113' title='bbox 191 2815 396 2889; x_wconf 87' lang='lat' dir='ltr'><strong>valuisset?</strong></span> 
     </span>
    </p>

    <p class='ocr_par' dir='ltr' id='par_1_4' title="bbox 190 2948 1375 3315">
     <span class='ocr_line' id='line_1_19' title="bbox 238 2948 1375 3046; baseline 0.001 -25"><span class='ocrx_word' id='word_1_114' title='bbox 238 2949 320 3022; x_wconf 92' lang='lat' dir='ltr'><strong>Nisi</strong></span> <span class='ocrx_word' id='word_1_115' title='bbox 347 2948 468 3043; x_wconf 87' lang='lat' dir='ltr'><strong>fallor,</strong></span> <span class='ocrx_word' id='word_1_116' title='bbox 497 2950 570 3022; x_wconf 90' lang='lat' dir='ltr'><strong>alia</strong></span> <span class='ocrx_word' id='word_1_117' title='bbox 592 2951 694 3024; x_wconf 87' lang='lat' dir='ltr'><strong>subit</strong></span> <span class='ocrx_word' id='word_1_118' title='bbox 715 2953 883 3045; x_wconf 91' lang='lat' dir='ltr'><strong>suspicio</strong></span> <span class='ocrx_word' id='word_1_119' title='bbox 905 2962 945 3023; x_wconf 91' lang='lat' dir='ltr'><strong>et</strong></span> <span class='ocrx_word' id='word_1_120' title='bbox 965 2953 1145 3046; x_wconf 88' lang='lat' dir='ltr'><strong>agnoscis</strong></span> <span class='ocrx_word' id='word_1_121' title='bbox 1164 2951 1375 3046; x_wconf 87' lang='lat' dir='ltr'><strong>Spinozam</strong></span> 
     </span>
     <span class='ocr_line' id='line_1_20' title="bbox 190 3082 1373 3180; baseline 0.002 -26"><span class='ocrx_word' id='word_1_122' title='bbox 190 3107 213 3155; x_wconf 93' lang='lat' dir='ltr'><strong>a</strong></span> <span class='ocrx_word' id='word_1_123' title='bbox 251 3094 488 3176; x_wconf 87' lang='lat' dir='ltr'><strong>mercatore,</strong></span> <span class='ocrx_word' id='word_1_124' title='bbox 530 3107 646 3180; x_wconf 90' lang='lat' dir='ltr'><strong>quem</strong></span> <span class='ocrx_word' id='word_1_125' title='bbox 680 3108 752 3179; x_wconf 92' lang='lat' dir='ltr'><strong>pro</strong></span> <span class='ocrx_word' id='word_1_126' title='bbox 786 3083 1031 3179; x_wconf 87' lang='lat' dir='ltr'><strong>professione</strong></span> <span class='ocrx_word' id='word_1_127' title='bbox 1058 3087 1152 3158; x_wconf 87' lang='lat' dir='ltr'><strong>satis</strong></span> <span class='ocrx_word' id='word_1_128' title='bbox 1178 3082 1373 3157; x_wconf 90' lang='lat' dir='ltr'><strong>eruditum</strong></span> 
     </span>
     <span class='ocr_line' id='line_1_21' title="bbox 190 3219 1374 3315; baseline 0.001 -27"><span class='ocrx_word' id='word_1_129' title='bbox 190 3227 378 3311; x_wconf 86' lang='lat' dir='ltr'><strong>expertus</strong></span> <span class='ocrx_word' id='word_1_130' title='bbox 405 3228 529 3309; x_wconf 90' lang='lat' dir='ltr'><strong>esset,</strong></span> <span class='ocrx_word' id='word_1_131' title='bbox 557 3219 709 3290; x_wconf 90' lang='lat' dir='ltr'><strong>veniam</strong></span> <span class='ocrx_word' id='word_1_132' title='bbox 736 3230 957 3312; x_wconf 88' lang='lat' dir='ltr'><strong>petentem,</strong></span> <span class='ocrx_word' id='word_1_133' title='bbox 985 3230 1045 3311; x_wconf 91' lang='lat' dir='ltr'><strong>ut,</strong></span> <span class='ocrx_word' id='word_1_134' title='bbox 1069 3229 1268 3315; x_wconf 91' lang='lat' dir='ltr'><strong>tamquam</strong></span> <span class='ocrx_word' id='word_1_135' title='bbox 1289 3220 1374 3290; x_wconf 90' lang='lat' dir='ltr'><strong>viro</strong></span> 
     </span>
    </p>
   </div>
   <div class='ocr_carea' id='block_1_3' title="bbox 190 3332 1374 3446">
    <p class='ocr_par' dir='ltr' id='par_1_5' title="bbox 190 3332 1374 3446">
     <span class='ocr_line' id='line_1_22' title="bbox 190 3332 1374 3446; baseline 0.001 -25"><span class='ocrx_word' id='word_1_136' title='bbox 190 3348 309 3421; x_wconf 90' lang='lat' dir='ltr'><strong>docto</strong></span> <span class='ocrx_word' id='word_1_137' title='bbox 349 3350 399 3421; x_wconf 88' lang='lat' dir='ltr'><strong>ad</strong></span> <span class='ocrx_word' id='word_1_138' title='bbox 438 3353 560 3422; x_wconf 91' lang='lat' dir='ltr'><strong>virum</strong></span> <span class='ocrx_word' id='word_1_139' title='bbox 596 3350 772 3446; x_wconf 90' lang='lat' dir='ltr'><strong>doctum,</strong></span> <span class='ocrx_word' id='word_1_140' title='bbox 812 3352 953 3424; x_wconf 87' lang='lat' dir='ltr'><strong>Latine</strong></span> <span class='ocrx_word' id='word_1_141' title='bbox 992 3332 1042 3424; x_wconf 92' lang='lat' dir='ltr'><strong>ad</strong></span> <span class='ocrx_word' id='word_1_142' title='bbox 1075 3376 1164 3424; x_wconf 90' lang='lat' dir='ltr'><strong>eum</strong></span> <span class='ocrx_word' id='word_1_143' title='bbox 1200 3351 1374 3425; x_wconf 89' lang='lat' dir='ltr'><strong>scribere</strong></span> 
     </span>
    </p>
   </div>
   <div class='ocr_carea' id='block_1_4' title="bbox 189 3482 1442 4089">
    <p class='ocr_par' dir='ltr' id='par_1_6' title="bbox 189 3482 1442 4089">
     <span class='ocr_line' id='line_1_23' title="bbox 191 3482 1442 3582; baseline 0 -27"><span class='ocrx_word' id='word_1_144' title='bbox 191 3482 261 3555; x_wconf 92' lang='lat' dir='ltr'><strong>sibi</strong></span> <span class='ocrx_word' id='word_1_145' title='bbox 287 3482 418 3575; x_wconf 90' lang='lat' dir='ltr'><strong>liceat,</strong></span> <span class='ocrx_word' id='word_1_146' title='bbox 446 3484 560 3578; x_wconf 88' lang='lat' dir='ltr'><strong>plane</strong></span> <span class='ocrx_word' id='word_1_147' title='bbox 589 3485 730 3557; x_wconf 90' lang='lat' dir='ltr'><strong>eodem</strong></span> <span class='ocrx_word' id='word_1_148' title='bbox 757 3486 935 3578; x_wconf 89' lang='lat' dir='ltr'><strong>consilio,</strong></span> <span class='ocrx_word' id='word_1_149' title='bbox 965 3509 1041 3582; x_wconf 93' lang='lat' dir='ltr'><strong>quo</strong></span> <span class='ocrx_word' id='word_1_150' title='bbox 1065 3510 1154 3557; x_wconf 94' lang='lat' dir='ltr'><strong>cum</strong></span> <span class='ocrx_word' id='word_1_151' title='bbox 1176 3485 1371 3580; x_wconf 91' lang='lat' dir='ltr'><strong>plerisque</strong></span> <span class='ocrx_word' id='word_1_152' title='bbox 1436 3524 1442 3534; x_wconf 90' lang='lat'>-</span> 
     </span>
     <span class='ocr_line' id='line_1_24' title="bbox 190 3616 1372 3714; baseline 0 -27"><span class='ocrx_word' id='word_1_153' title='bbox 190 3618 324 3689; x_wconf 89' lang='lat' dir='ltr'><strong>amicis</strong></span> <span class='ocrx_word' id='word_1_154' title='bbox 358 3616 529 3709; x_wconf 78' lang='lat' dir='ltr'><strong>BataviS,</strong></span> <span class='ocrx_word' id='word_1_155' title='bbox 569 3616 619 3689; x_wconf 90' lang='lat' dir='ltr'><strong>de</strong></span> <span class='ocrx_word' id='word_1_156' title='bbox 646 3618 776 3711; x_wconf 90' lang='lat' dir='ltr'><strong>Vries,</strong></span> <span class='ocrx_word' id='word_1_157' title='bbox 803 3619 848 3690; x_wconf 90' lang='lat' dir='ltr'><strong>L.</strong></span> <span class='ocrx_word' id='word_1_158' title='bbox 877 3619 1022 3714; x_wconf 88' lang='lat' dir='ltr'><strong>llleyer,</strong></span> <span class='ocrx_word' id='word_1_159' title='bbox 1049 3645 1083 3692; x_wconf 85' lang='lat' dir='ltr'><strong>v.</strong></span> <span class='ocrx_word' id='word_1_160' title='bbox 1111 3618 1372 3712; x_wconf 89' lang='lat' dir='ltr'><strong>Velthuysen,</strong></span> 
     </span>
     <span class='ocr_line' id='line_1_25' title="bbox 189 3748 1373 3845; baseline 0 -25"><span class='ocrx_word' id='word_1_161' title='bbox 189 3749 333 3845; x_wconf 89' lang='lat' dir='ltr'><strong>Burgh,</strong></span> <span class='ocrx_word' id='word_1_162' title='bbox 374 3748 570 3822; x_wconf 89' lang='lat' dir='ltr'><strong>literarum</strong></span> <span class='ocrx_word' id='word_1_163' title='bbox 611 3754 887 3823; x_wconf 88' lang='lat' dir='ltr'><strong>commercium</strong></span> <span class='ocrx_word' id='word_1_164' title='bbox 926 3755 1147 3826; x_wconf 88' lang='lat' dir='ltr'><strong>instituerat</strong></span> <span class='ocrx_word' id='word_1_165' title='bbox 1181 3762 1221 3823; x_wconf 87' lang='lat' dir='ltr'><strong>et</strong></span> <span class='ocrx_word' id='word_1_166' title='bbox 1255 3749 1373 3844; x_wconf 87' lang='lat' dir='ltr'><strong>vulgo</strong></span> 
     </span>
     <span class='ocr_line' id='line_1_26' title="bbox 190 3883 1373 3978; baseline -0.001 -23"><span class='ocrx_word' id='word_1_167' title='bbox 190 3885 258 3968; x_wconf 90' lang='lat' dir='ltr'><strong>viri</strong></span> <span class='ocrx_word' id='word_1_168' title='bbox 292 3883 414 3975; x_wconf 87' lang='lat' dir='ltr'><strong>docti,</strong></span> <span class='ocrx_word' id='word_1_169' title='bbox 443 3886 560 3955; x_wconf 91' lang='lat' dir='ltr'><strong>etiam</strong></span> <span class='ocrx_word' id='word_1_170' title='bbox 591 3883 765 3956; x_wconf 88' lang='lat' dir='ltr'><strong>eiusdem</strong></span> <span class='ocrx_word' id='word_1_171' title='bbox 792 3887 976 3978; x_wconf 88' lang='lat' dir='ltr'><strong>nationis,</strong></span> <span class='ocrx_word' id='word_1_172' title='bbox 1003 3888 1104 3957; x_wconf 88' lang='lat' dir='ltr'><strong>inter</strong></span> <span class='ocrx_word' id='word_1_173' title='bbox 1131 3908 1173 3957; x_wconf 91' lang='lat' dir='ltr'><strong>se</strong></span> <span class='ocrx_word' id='word_1_174' title='bbox 1201 3906 1373 3956; x_wconf 92' lang='lat' dir='ltr'><strong>commu·</strong></span> 
     </span>
     <span class='ocr_line' id='line_1_27' title="bbox 189 4015 557 4089; baseline 0.005 -3"><span class='ocrx_word' id='word_1_175' title='bbox 189 4018 340 4089; x_wconf 91' lang='lat' dir='ltr'><strong>nicasse</strong></span> <span class='ocrx_word' id='word_1_176' title='bbox 367 4015 557 4089; x_wconf 88' lang='lat' dir='ltr'><strong>videntur.</strong></span> 
     </span>
    </p>
   </div>
   <div class='ocr_carea' id='block_1_5' title="bbox 167 4221 401 4231">
    <p class='ocr_par' dir='ltr' id='par_1_7' title="bbox 167 4221 401 4231">
     <span class='ocr_line' id='line_1_28' title="bbox 167 4221 401 4231; baseline 0 -2"><span class='ocrx_word' id='word_1_177' title='bbox 167 4221 169 4224; x_wconf 91' lang='lat'>·</span> <span class='ocrx_word' id='word_1_178' title='bbox 186 4223 401 4231; x_wconf 73' lang='lat'><strong>1——</strong></span> 
     </span>
    </p>
   </div>
   <div class='ocr_carea' id='block_1_6' title="bbox 183 4325 1377 4503">
    <p class='ocr_par' dir='ltr' id='par_1_8' title="bbox 183 4325 1377 4503">
     <span class='ocr_line' id='line_1_29' title="bbox 226 4325 1377 4401; baseline -0.001 -18"><span class='ocrx_word' id='word_1_179' title='bbox 226 4330 255 4399; x_wconf 84' lang='lat'><strong>1)</strong></span> <span class='ocrx_word' id='word_1_180' title='bbox 276 4327 365 4385; x_wconf 92' lang='lat' dir='ltr'><strong>Land</strong></span> <span class='ocrx_word' id='word_1_181' title='bbox 385 4325 417 4384; x_wconf 92' lang='lat' dir='ltr'><strong>in</strong></span> <span class='ocrx_word' id='word_1_182' title='bbox 439 4326 651 4386; x_wconf 83' lang='lat' dir='ltr'><strong>dissertatione</strong></span> <span class='ocrx_word' id='word_1_183' title='bbox 672 4329 711 4387; x_wconf 93' lang='lat' dir='ltr'><strong>de</strong></span> <span class='ocrx_word' id='word_1_184' title='bbox 731 4329 808 4389; x_wconf 91' lang='lat' dir='ltr'><strong>Edd.</strong></span> <span class='ocrx_word' id='word_1_185' title='bbox 830 4338 861 4387; x_wconf 91' lang='lat' dir='ltr'><strong>et</strong></span> <span class='ocrx_word' id='word_1_186' title='bbox 881 4339 1027 4388; x_wconf 88' lang='lat' dir='ltr'><strong>contextu</strong></span> <span class='ocrx_word' id='word_1_187' title='bbox 1048 4327 1191 4401; x_wconf 87' lang='lat' dir='ltr'><strong>Ethicae,</strong></span> <span class='ocrx_word' id='word_1_188' title='bbox 1210 4327 1229 4384; x_wconf 92' lang='lat' dir='ltr'><strong>l.</strong></span> <span class='ocrx_word' id='word_1_189' title='bbox 1243 4327 1262 4384; x_wconf 93' lang='lat' dir='ltr'><strong>l.</strong></span> <span class='ocrx_word' id='word_1_190' title='bbox 1284 4344 1313 4401; x_wconf 89' lang='lat' dir='ltr'><strong>p.</strong></span> <span class='ocrx_word' id='word_1_191' title='bbox 1339 4343 1377 4400; x_wconf 82' lang='lat'><strong>13</strong></span> 
     </span>
     <span class='ocr_line' id='line_1_30' title="bbox 183 4423 1048 4503; baseline 0.005 -22"><span class='ocrx_word' id='word_1_192' title='bbox 183 4423 284 4483; x_wconf 90' lang='lat' dir='ltr'><strong>innuit</strong></span> <span class='ocrx_word' id='word_1_193' title='bbox 303 4424 465 4500; x_wconf 88' lang='lat' dir='ltr'><strong>Spinozam</strong></span> <span class='ocrx_word' id='word_1_194' title='bbox 486 4425 625 4503; x_wconf 88' lang='lat' dir='ltr'><strong>linguam</strong></span> <span class='ocrx_word' id='word_1_195' title='bbox 646 4427 833 4486; x_wconf 89' lang='lat' dir='ltr'><strong>Hebraicam</strong></span> <span class='ocrx_word' id='word_1_196' title='bbox 854 4427 1048 4503; x_wconf 86' lang='lat' dir='ltr'><strong>significasse.</strong></span> 
     </span>
    </p>
   </div>
   <div class='ocr_carea' id='block_1_7' title="bbox 0 0 1565 5070">
    <p class='ocr_par' dir='ltr' id='par_1_9' title="bbox 0 0 1565 5070">
     <span class='ocr_line' id='line_1_31' title="bbox 0 0 1565 5070; baseline 0 0"><span class='ocrx_word' id='word_1_197' title='bbox 0 0 1565 5070; x_wconf 95' lang='lat' dir='ltr'><strong> </strong></span> 
     </span>
    </p>
   </div>
  </div>
 </body>
</html>
