3120 5070
753 493 800 566 27

185 722 259 772 nec
293 701 366 793 ipsi
393 702 599 796 quicquam
625 710 864 791 metuerent,
892 722 969 795 quo
996 697 1157 771 vinculis
1184 698 1366 791 coniungi

186 835 475 929 constringique
525 833 718 927 possent”
772 844 908 928 aperte
960 830 1094 904 alludit
1142 841 1279 903 auctor
1313 827 1365 900 ad

184 965 351 1061 Adelph.
381 968 448 1055 84:

841 1131 974 1193 „quem
999 1130 1107 1193 neque
1131 1108 1236 1192 pudet

317 1225 506 1309 Quicquam
542 1246 603 1289 nec
636 1229 754 1291 metuit
777 1247 982 1309 quemquam
1007 1245 1114 1307 neque
1138 1225 1246 1307 legem
1270 1231 1369 1305 putat

317 1343 449 1406 Tenere
471 1363 507 1404 se
530 1341 664 1407 ullam.’'

187 1507 330 1618 deipde
364 1506 452 1580 Eth.
479 1506 540 1600 ΙΙΙ,
568 1528 607 1600 2,
636 1507 773 1580 schol:
809 1510 904 1604 „qui
930 1519 1137 1603 praeterea
1164 1507 1369 1581 contrariis

187 1641 391 1715 affectibus
438 1641 721 1735 conflictantur,
767 1641 859 1738 quid
900 1642 1034 1734 velint,
1071 1644 1267 1728 nesciunt,
1302 1642 1367 1735 qui

188 1787 318 1848 autem
352 1776 475 1869 nullo,
508 1775 611 1848 facili
636 1787 835 1848 momento
862 1774 936 1848 huc
964 1787 1080 1871 atque
1108 1774 1195 1846 illuc
1221 1773 1368 1868 pellun-

188 1910 277 1981 tur''
306 1909 369 2004 (cl.
397 1911 514 1982 etiam
541 1909 671 1982 Tract.
699 1908 834 1982 Theol.
857 1909 938 1981 Pol.
962 1908 1116 2004 prael),
1139 1909 1204 1980 ubi
1227 1909 1368 1978 citatur

188 2066 323 2116 versus
348 2055 464 2116 notus
490 2066 541 2116 ex
567 2041 717 2115 Andria
743 2045 831 2115 266:

298 2239 400 2317 „dum
424 2241 458 2302 in
481 2240 617 2304 dubiost
639 2241 787 2318 animus,
812 2240 913 2322 paulo
939 2246 1111 2302 momento
1135 2238 1200 2300 huc
1223 2235 1275 2299 vel
1296 2235 1372 2298 illuc

1124 2349 1325 2435 inpellitur.'’

188 2523 310 2597 Porro
357 2523 460 2596 haud
499 2548 648 2619 paucae
689 2536 777 2596 sunt
816 2523 1033 2596 locutiones
1071 2522 1271 2594 breviores
1309 2519 1370 2591 vel

190 2657 396 2751 vocabula,
437 2682 538 2755 quae
578 2681 628 2730 ex
668 2657 854 2730 Terentio
890 2669 1087 2730 mutuatus
1122 2667 1182 2728 est
1216 2665 1369 2746 noster;

190 2771 252 2864 exss
295 2814 350 2886 gr.
389 2790 477 2863 Eth.
517 2790 578 2883 IV,
619 2815 707 2886 app.
748 2792 813 2862 28:
856 2801 980 2887 operes
1019 2798 1171 2861 inntens
1209 2785 1369 2878 tradere,

191 2923 238 2997 cf.
265 2923 447 2997 Phormio
475 2928 545 3016 267
554 2954 562 3019 ;
589 2924 645 3018 ΙΙΙ,
672 2924 734 2996 aff.
763 2923 839 2996 del.
865 2926 914 3012 48
941 2923 1064 3019 expl.:
1091 2932 1126 2994 et
1149 2946 1216 3017 qno
1238 2945 1273 2991 se
1294 2943 1371 2990 ver-

191 3067 258 3151 tet,
287 3059 443 3152 nesce'et,
471 3058 519 3131 cf.
543 3058 684 3131 Heaut.
711 3060 801 3152 9463
829 3057 890 3150 IV,
919 3082 1007 3151 app.
1035 3077 1100 3147 29:
1128 3052 1374 3148 seenegnifiee

190 3191 336 3289 efferre,
376 3192 424 3264 cl.
464 3193 605 3266 Heaut.
640 3208 730 3284 9073
764 3190 794 3282 I,
822 3211 880 3282 33,
909 3189 1028 3263 schol.
1057 3209 1098 3260 2:
1126 3188 1296 3260 uniennne
1323 3182 1376 3255 nd

191 3303 427 3420 cogitandum
462 3326 674 3417 instituere,
702 3322 760 3395 cf.¹
778 3323 959 3396 Phormio
988 3322 1165 3416 24031V,
1193 3343 1280 3414 app.
1309 3340 1371 3410 13:

192 3459 401 3530 militatum
423 3459 616 3554 confugere
637 3457 685 3529 cl.
708 3456 874 3552 Adelph.
899 3458 990 3550 3853
1012 3455 1073 3548 IV,
1094 3478 1182 3550 app.
1208 3473 1252 3540 14
1271 3464 1312 3524 et
1324 3452 1371 3544 V,

191 3613 250 3685 41,
287 3591 423 3666 schol:
455 3617 502 3664 ex
526 3617 596 3664 sna
623 3591 780 3664 libidine
805 3590 1007 3684 moderari,
1035 3589 1083 3661 cf.
1111 3588 1253 3660 Heaut.
1281 3607 1300 3657 2
1308 3589 1372 3679 563

192 3726 256 3819 ΙΙΙ,
291 3747 349 3820 23,
386 3727 504 3800 schol.
532 3738 571 3798 et
598 3727 661 3820 ΙΙΙ,
690 3726 752 3798 aff.
780 3725 856 3799 def.
890 3748 951 3797 11:
980 3724 1130 3796 laetitia
1155 3719 1294 3814 solede,
1324 3720 1372 3792 cl.

191 3859 313 3933 Andr.
344 3863 436 3954 6475
470 3861 532 3954 IV,
561 3879 623 3954 50,
651 3860 790 3934 schol:
819 3869 909 3931 recte
935 3883 1051 3950 nosse,
1088 3856 1136 3928 cl.
1163 3854 1285 3926 Andr.
1318 3873 1372 3926 10.

191 3994 330 4090 Neque
365 3993 521 4088 dubito,
557 3997 648 4090 quin
675 3995 885 4088 supersint,
913 4016 1013 4089 quae
1039 4015 1101 4062 me
1129 3989 1307 4085 lugerint.
1340 3988 1373 4081 Ι)

232 4254 263 4335 1)
284 4257 331 4314 Ex
351 4255 380 4312 T
382 4263 456 4313 raet.
477 4254 542 4312 Pol.
564 4252 637 4311 addi
657 4261 801 4330 possunt:
824 4253 900 4325 VH,
924 4271 969 4320 11,
991 4269 1100 4309 nervos
1117 4248 1275 4308 intendere
1293 4265 1378 4319 sum,

189 4354 231 4414 cf.
253 4355 332 4412 Eun.
355 4370 423 4428 3123
436 4352 512 4424 VII,
532 4369 578 4426 30:
597 4369 669 4410 nam
680 4348 802 4409 inscitia
813 4358 858 4407 est
868 4363 974 4409 contra
985 4347 1123 4407 stimulos
1134 4348 1233 4406 calces
1245 4344 1379 4416 mittere,

188 4452 229 4512 cf.
249 4449 395 4510 Phormio
418 4465 453 4523 77
461 4471 470 4523 ;
492 4457 523 4508 et
542 4447 692 4525 imprimis
713 4449 789 4521 VII,
813 4461 865 4519 27:
888 4447 997 4521 „unde
1018 4455 1078 4522 est,
1099 4455 1133 4506 ut
1144 4448 1205 4505 duo
1216 4442 1380 4503 cumidem
