3120 5070
810 436 861 504 66

240 661 358 733 habet
380 662 504 754 ipsam
526 656 790 729 destruendi.''
813 656 903 748 Quo
924 659 964 726 in
985 656 1074 728 loco
1095 656 1232 745 (male,
1255 668 1298 726 ut
1318 655 1427 727 vide-

241 808 314 885 tur,
342 816 366 864 a
391 791 567 864 Brudero
593 790 813 880 intellecto,
840 793 905 885 qui
931 803 973 862 et
997 790 1060 860 hic
1081 790 1225 879 „non”
1248 792 1427 881 inseruit)

243 927 404 999 verbum
428 925 691 1019 „implicare”
706 924 821 1018 plane
834 922 977 994 eodem
990 946 1124 1012 sensu,
1146 935 1265 1017 atque
1287 925 1326 991 in
1340 922 1427 993 reli-

243 1063 343 1157 quis,
373 1083 472 1155 quos
493 1060 588 1130 citat
608 1056 741 1145 Land,
764 1057 861 1128 locis
882 1079 935 1128 sc.
958 1055 1055 1150 Cog.
1079 1054 1171 1125 Met.
1195 1055 1219 1124 1.
1243 1077 1278 1145 3,
1300 1056 1364 1149 §8
1387 1067 1428 1127 et

242 1193 282 1265 H.
314 1215 343 1285 1,
366 1194 388 1287 ξ
411 1213 445 1283 3,
469 1202 677 1285 usurpatur
697 1214 771 1284 pro
794 1188 1176 1280 „contradictionem
1190 1189 1427 1282 implicare.''

293 1324 356 1397 Ad
383 1347 502 1396 voces
528 1323 790 1416 „implicare”
817 1334 858 1392 et
885 1320 1199 1415 „implicantia'',
1226 1344 1278 1391 ex
1304 1321 1428 1414 philo

244 1458 454 1552 sophorum
477 1455 619 1528 scholis
633 1458 796 1548 petitas,
820 1453 956 1561 szEP·
972 1453 1059 1524 XII:
1083 1454 1221 1549 „quale
1236 1453 1428 1525 Infinitum

244 1593 367 1686 majus
402 1591 476 1662 alio
514 1589 665 1661 Infinito
697 1592 780 1662 sine
807 1588 883 1660 ulla
909 1588 1164 1681 implicantia,
1191 1587 1305 1682 quale
1332 1611 1428 1658 vero

245 1748 324 1796 non
347 1726 438 1795 item
458 1725 611 1817 concipi
626 1721 786 1815 potest''
802 1732 843 1792 et
856 1734 1062 1813 praeterea
1076 1719 1277 1792 Cartesius
1291 1718 1427 1791 Medit.

246 1856 436 1951 Respons
464 1854 514 1926 ad
543 1853 629 1928 Obi.
658 1853 746 1927 Sec.
774 1865 866 1925 tom.
894 1853 919 1925 1.
947 1878 1011 1946 pp.
1037 1874 1108 1940 442
1137 1876 1244 1948 seqq.
1268 1851 1427 1924 Cousin.

294 2123 352 2192 60.
394 2131 497 2193 nota,
540 2119 757 2212 „Quamvis
796 2117 870 2189 hoc
905 2119 1150 2210 experientia
1176 2116 1310 2190 videar
1337 2143 1430 2191 con-

247 2254 451 2346 cludere,'’
479 2266 655 2351 etqseqq.

297 2386 419 2459 Multo
447 2390 574 2481 aptius
600 2386 699 2458 hanc
728 2398 861 2458 notam
888 2385 1065 2457 adiunxit
1087 2384 1133 2462 V,
1156 2385 1196 2455 B.
1218 2384 1335 2478 Nam,
1357 2389 1430 2459 nisi

247 2517 367 2610 fallor,
404 2518 495 2590 illud
526 2520 598 2608 hoc,
626 2519 732 2615 quod
764 2541 835 2612 per
861 2521 1144 2611 experientiam
1172 2517 1429 2610 concluditur,

248 2663 328 2744 est,
356 2651 460 2747 quod
489 2654 663 2744 „anima,
691 2653 755 2724 ubi
778 2675 859 2724 rem
881 2674 972 2723 vere
996 2653 1186 2746 concipit,
1209 2663 1349 2746 perget
1362 2652 1431 2724 ob-

242 2786 386 2880 jective
422 2785 584 2858 eosdem
619 2783 784 2857 effectus
819 2784 1022 2857 formare.''
1059 2784 1171 2877 Quae
1203 2784 1254 2856 ad
1281 2784 1430 2877 locum,

249 2941 364 3014 quem
394 2918 527 2991 volunt
553 2917 653 2990 Edd.
682 2929 855 3009 veteres,
885 2940 963 2989 non
989 2916 1153 3010 faciunt;
1184 2917 1332 2990 scilicet
1359 2917 1430 3010 illi,

248 3051 405 3145 decepti
444 3052 572 3124 verbis
608 3052 722 3144 „ullis
757 3051 1186 3124 demonstrationibus”
1223 3063 1263 3123 et
1297 3062 1431 3123 notam

204 3190 207 3199 ’
249 3185 470 3279 importuno
506 3185 594 3258 loco
620 3188 884 3279 appinxerunt
910 3196 950 3257 et
977 3195 1178 3256 auctorem
1207 3185 1278 3256 sibi
1305 3187 1432 3278 ipsum

250 3317 527 3414 obloquentem
556 3318 821 3391 reddiderunt.

298 3449 397 3522 Rem
436 3454 592 3548 egregie
626 3453 825 3545 perspexit
860 3450 925 3523 Vs.
961 3450 1022 3542 B.,
1051 3474 1152 3551 quae
1179 3450 1432 3545 sequentibus

251 3583 378 3657 verbis
407 3607 580 3678 „nempe
607 3584 713 3656 hoc''
743 3586 893 3678 signum
919 3595 1036 3656 notae
1063 3586 1255 3678 apposuit.

299 3849 357 3921 68.
400 3872 520 3941 „cum
544 3848 762 3922 hominibus
784 3847 1053 3943 persuadetur,
1077 3851 1115 3919 in
1138 3847 1261 3940 silvis,
1282 3850 1321 3919 in
1340 3851 1433 3919 ima-

251 3981 422 4077 ginibus,
451 3983 488 4054 in
516 3982 658 4075 brutis,
687 3994 726 4055 et
754 3984 920 4055 caeteris
947 3980 1089 4055 adesse
1115 3981 1306 4053 numina.”

301 4114 538 4208 interpretes
553 4139 650 4211 quos
665 4115 742 4187 vidi
766 4115 995 4206 „caeteris”
1020 4125 1175 4213 vertunt
1189 4137 1261 4209 per
1283 4113 1432 4207 „aliis”

302 4246 413 4319 Viam
441 4259 659 4321 monstrare
681 4249 808 4343 potuit
829 4245 896 4319 Vs.
911 4248 970 4319 B.:
1000 4249 1069 4339 „in
1089 4245 1139 4319 de
1158 4246 1370 4337 bossehen,
1394 4248 1434 4317 in

253 4377 303 4452 de
329 4378 516 4472 beelden,
545 4382 582 4451 in
609 4379 658 4454 de
685 4380 850 4454 beesten
876 4380 976 4460 ena.”
1004 4379 1043 4452 id
1070 4391 1132 4453 est
1158 4380 1290 4473 „ete”
