3120 5070
754 490 801 576 84

670 765 881 848 Epistulae.

233 982 304 1076 Ep.
331 981 395 1053 lX.
423 982 546 1053 Huius
573 979 762 1075 epistulae
785 979 924 1058 Versio
944 978 1100 1074 Belgica
1119 992 1178 1052 tot
1193 983 1231 1050 in
1246 981 1362 1053 rebus

186 1116 234 1188 ab
268 1114 341 1187 Ed.
374 1115 434 1186 Pr.
470 1126 510 1186 et
544 1113 786 1208 autographo
814 1111 1026 1206 Spinozae,
1055 1112 1160 1208 quod
1187 1113 1291 1207 apud
1317 1112 1362 1185 L.

185 1272 415 1343 expressum
454 1259 532 1340 est,
568 1246 782 1340 discrepat,
819 1245 967 1318 scilicet
1001 1270 1100 1341 quae
1134 1249 1172 1317 in
1199 1247 1364 1320 exordio

185 1381 299 1477 longe
334 1380 448 1452 alium
484 1379 643 1452 exhibet
678 1381 956 1452 sententiarum
983 1378 1178 1473 ordinem,
1214 1383 1251 1451 in
1278 1383 1363 1475 ipso

185 1537 350 1608 corpore
390 1512 578 1608 epistulae
617 1512 719 1585 haud
757 1536 882 1607 pauca
917 1513 978 1585 vel
1012 1513 1123 1585 aliter
1158 1512 1270 1587 effert
1303 1514 1363 1587 vel

185 1647 298 1742 plane
334 1648 494 1738 omittit,
528 1645 696 1741 denique
729 1648 767 1717 in
801 1644 877 1717 fine
913 1646 1009 1719 haec
1044 1646 1171 1719 addit:
1201 1646 1363 1744 „Atque

184 1779 241 1852 his
273 1803 336 1852 me
370 1782 446 1851 tuis
480 1778 771 1876 quaestionibus
806 1779 1045 1855 satisfecisse
1074 1793 1180 1874 puto.
1208 1780 1364 1852 Interim

184 1925 292 1985 tuum
320 1911 501 1985 iudicium
528 1911 771 2005 exspectabo
798 1924 838 1984 et
861 1915 891 1985 si
913 1911 1005 2008 quid
1028 1912 1154 1985 adhuc
1178 1915 1362 2007 supersit,

184 2046 290 2144 quod
329 2070 407 2118 non
446 2055 554 2118 recte
588 2045 648 2118 vel
676 2068 754 2115 non
788 2049 882 2118 satis
915 2046 1018 2118 clare
1055 2046 1364 2119 demonstratum

185 2203 272 2252 esse
307 2181 526 2271 existimas,
562 2177 639 2250 noli
673 2181 799 2251 vereri
834 2180 924 2250 mihi
959 2178 1032 2251 hoc
1063 2178 1236 2252 indicare
1263 2179 1363 2251 etc.’'

185 2336 284 2410 quae
311 2313 360 2385 ab
386 2311 458 2384 Ed.
481 2312 541 2383 Pr.
566 2325 605 2384 et
627 2312 676 2384 ab
701 2324 849 2407 autogr.
872 2335 997 2408 aeque
1018 2313 1176 2406 absunt,
1200 2337 1364 2410 quorum

185 2446 390 2541 abruptum
417 2444 533 2517 finem
560 2469 638 2517 non
664 2448 790 2539 possis
818 2469 895 2517 non
918 2448 1066 2539 mirari3
1089 2448 1127 2517 in
1148 2458 1208 2518 tot
1227 2445 1362 2538 rebus,

185 2581 359 2674 inquam,
380 2580 502 2649 variat
522 2577 587 2649 Vs.
611 2578 673 2670 B,
696 2589 738 2649 ut
753 2578 1024 2651 coniciendum
1038 2579 1225 2673 videatur,
1248 2583 1363 2651 inter-

184 2713 284 2806 preti
306 2711 463 2805 Belgico
483 2710 645 2781 alterum
668 2711 890 2805 exemplum
904 2712 1093 2806 epistulae
1107 2712 1157 2784 ad
1171 2712 1364 2786 Vriesium

185 2857 342 2938 praesto
374 2845 504 2917 fuisse.
533 2843 631 2916 Cum
658 2856 789 2916 autem
816 2856 953 2938 agatur
979 2845 1030 2917 de
1057 2846 1221 2940 epistula
1247 2848 1364 2919 missa

185 2975 234 3048 ad
262 3001 379 3048 unum
407 3000 454 3048 ex
481 2977 547 3072 Sp.
575 2980 709 3051 amicis
735 2991 775 3050 et
801 2978 1032 3072 cultoribus,
1060 2983 1124 3076 qui
1146 2979 1364 3075 philosophi

184 3111 370 3204 epistulas
404 3111 658 3206 descripsisse
693 3125 733 3185 et
768 3114 869 3185 inter
894 3137 936 3186 se
963 3112 1204 3187 distribuisse
1232 3115 1364 3186 existi-

184 3246 314 3318 mandi
339 3258 446 3338 sunt,
474 3270 552 3318 non
578 3249 690 3320 nimis
716 3249 939 3340 temeraria,
967 3260 1080 3342 puto,
1108 3247 1205 3320 haec
1233 3250 1363 3342 opinio

186 3379 446 3452 existimanda
473 3393 543 3453 est.

233 3513 352 3586 lmmo
380 3515 656 3587 corroboratur
684 3518 909 3588 coniectura
934 3515 1051 3608 haec,
1079 3519 1110 3588 si
1138 3519 1212 3587 iam
1239 3517 1365 3610 pergi-

185 3671 269 3719 mus
296 3645 346 3719 ad
372 3646 444 3742 Ep.
472 3648 558 3739 Xll,
587 3660 626 3719 et
652 3648 753 3719 illam
776 3648 825 3720 ad
848 3650 1014 3721 amicum
1037 3648 1263 3722 familiarem
1277 3651 1364 3721 mis-

185 3804 267 3853 sam
289 3784 459 3877 itemque
486 3805 601 3853 unam
628 3805 678 3853 ex
706 3782 985 3875 celeberrimis,
1013 3795 1055 3855 ut
1075 3796 1184 3878 patet
1199 3807 1249 3856 ex
1263 3783 1362 3878 Epp.

184 3912 346 3985 LXXX'
362 3925 401 3985 et
427 3914 603 3985 LXXXI.
631 3914 671 3985 ln
693 3939 769 4010 qua
795 3916 961 4010 epistula
988 3916 1142 3989 edenda
1163 3919 1364 4011 insigniter

185 4071 473 4143 nonnumquam
500 4048 549 4120 ab
571 4047 643 4119 Ed.
667 4049 727 4120 Pr.
743 4049 941 4145 discrepat
955 4051 1020 4124 Vs.
1036 4052 1075 4123 B.
1091 4050 1232 4124 Notavi
1247 4050 1362 4144 haec,
1399 4132 1405 4141 ,

185 4204 284 4276 quae
300 4183 338 4252 in
352 4180 417 4253 Vs.
433 4181 472 4253 B.
489 4180 621 4253 addita
636 4194 740 4254 sunt:
757 4194 826 4275 „et
840 4183 894 4276 id,
911 4186 1019 4256 cuius
1034 4196 1180 4278 partes,
1198 4209 1365 4280 quamvls

185 4312 468 4386 determinatum
494 4315 563 4404 sit,
591 4327 631 4386 et
658 4318 832 4410 quamvis
858 4319 940 4389 eius
963 4319 1174 4389 maximum
1196 4330 1236 4390 et
1256 4321 1364 4390 mini-

187 4470 289 4517 mum
316 4447 536 4520 habemus.''
566 4460 740 4546 etqseqq.
770 4449 869 4520 Tum
892 4450 974 4541 „ad
997 4449 1113 4542 haec,
1134 4453 1308 4546 inquam,
1332 4455 1364 4525 si
