3120 5070
777 466 826 536 60

210 686 395 759 iudicium
422 688 666 781 exspectabo
694 698 734 758 et
757 689 787 758 si
810 685 902 781 quid
925 685 1050 757 adhuc
1072 687 1259 779 supersit,
1289 683 1394 779 quod

212 843 291 891 non
329 832 437 892 recte
476 820 536 892 vel
576 845 655 893 non
694 823 787 893 satis
822 820 925 891 clare
961 820 1269 891 demonstratum
1305 840 1392 890 esse

212 955 431 1045 existimaS,
466 954 545 1026 noli
581 957 707 1026 vereri
741 953 830 1025 mihi
864 953 937 1026 hoc
965 953 1136 1024 indicare
1164 952 1263 1023 etc.”
1293 975 1394 1045 quae

212 1089 340 1157 omnia
367 1089 404 1157 in
432 1086 504 1159 Ed.
531 1087 592 1158 Pr.
618 1087 902 1159 desiderantur.
925 1086 997 1179 Ep.
1020 1085 1127 1157 XIV:
1151 1084 1295 1177 „Plura
1316 1096 1393 1157 sta-

212 1232 361 1293 tueram
389 1221 450 1292 hic
479 1221 728 1316 subjungere,
755 1219 825 1292 sed
848 1222 961 1291 amici
981 1231 1021 1291 et
1035 1221 1315 1312 occupationes
1329 1241 1392 1289 me

211 1366 387 1427 avocant.
426 1330 513 1426 Hoc
550 1378 667 1425 unum
698 1356 856 1447 insuper
881 1352 1042 1445 addam,
1070 1363 1131 1444 ut,
1160 1354 1191 1424 si
1217 1352 1285 1424 tibi
1312 1351 1392 1445 pla·

210 1489 334 1559 cuerit
373 1510 439 1578 ea,
482 1511 580 1581 quae
622 1487 731 1581 prelo
772 1489 998 1579 committis,
1036 1487 1087 1558 ad
1119 1509 1181 1558 me
1215 1488 1389 1578 mittere,

210 1619 361 1692 titulum
381 1620 636 1715 epistularum
658 1633 811 1693 tuarum
834 1633 874 1693 et
896 1621 1168 1694 fasciculorum
1183 1619 1257 1691 hoc
1272 1618 1391 1691 modo

212 1754 358 1826 scribas
381 1754 480 1826 etc.”
505 1754 629 1827 Deest
648 1755 782 1827 ultIma
804 1758 998 1828 sententia
1020 1758 1058 1825 in
1073 1754 1145 1826 Ed.
1160 1754 1221 1826 Pr.
1237 1751 1390 1826 Deinde

210 1886 280 1982 Ep.
292 1888 469 1959 XXXIII:
486 1934 555 1981 „-
567 1913 695 1961 rerum
711 1893 881 1972 omnium
895 1892 933 1960 in
944 1887 1089 1960 lllundo
1102 1884 1390 1980 Catastrophen

209 2021 411 2095 induturus
435 2046 528 2095 sane
552 2023 714 2095 videtur.
736 2023 848 2095 Nulla
863 2022 988 2094 adhuc
1003 2021 1161 2116 affulget
1176 2044 1267 2115 spes
1280 2022 1390 2114 pacis

209 2156 311 2227 inter
335 2155 514 2251 Angliam
542 2169 582 2230 et
609 2158 818 2252 Belqum.”
848 2159 986 2229 iterum
1013 2166 1212 2250 postrema
1236 2153 1392 2235 desides

209 2301 341 2361 rantur
364 2293 401 2362 in
423 2291 494 2363 Ed.
518 2292 579 2363 Pr.
603 2292 724 2365 Porro
747 2295 786 2363 in
808 2291 915 2362 calce
935 2290 1046 2362 huius
1060 2289 1249 2383 epistulae
1264 2288 1330 2360 Vs.
1346 2288 1387 2360 B.

209 2434 317 2492 recte
340 2435 518 2495 annotat:
543 2425 793 2518 „Responsio
814 2424 864 2496 ad
886 2424 984 2496 hanc
1008 2422 1212 2517 epistulam
1235 2421 1389 2494 deside-

209 2555 454 2646 ratur,”,nec
476 2580 554 2628 non
575 2561 774 2652 sequentis
795 2557 1048 2651 Oldenburgii
1063 2555 1252 2650 epistulae
1267 2555 1386 2651 (LXI)

208 2687 357 2781 datum,
399 2690 503 2783 quod
538 2702 710 2783 vocatur,
747 2693 768 2762 8
802 2691 884 2784 Jun.
925 2693 1036 2783 1675,
1071 2701 1179 2762 recte
1207 2688 1385 2781 exhibet,

208 2845 296 2893 cum
322 2822 394 2895 Ed.
420 2823 481 2895 Pr.
511 2848 598 2896 eam
625 2848 831 2919 perperam
858 2827 1046 2918 superiori
1073 2823 1250 2896 adiunxit
1272 2833 1312 2893 et
1333 2824 1386 2894 vi-

206 2957 348 3028 tiosum
385 2957 518 3032 datum
553 2961 575 3030 8
611 2958 772 3032 Octobr.
810 2962 898 3052 1665
928 2958 1052 3032 effert.
1079 2959 1284 3031 Postremo
1310 2956 1385 3028 huc

207 3089 363 3161 citanda
401 3103 508 3184 sunt,
543 3116 642 3188 quae
677 3117 793 3187 supra
829 3093 1021 3188 disputavi
1048 3092 1185 3185 deep.
1213 3091 1383 3183 LXXX,

206 3225 314 3295 cuius
346 3223 462 3296 finem
496 3229 610 3298 unica
642 3226 708 3300 Vs.
736 3228 777 3299 Β.
806 3228 918 3300 nobis
945 3227 1177 3299 incolumem
1205 3228 1383 3298 servavit.

254 3356 312 3428 Ea
345 3370 493 3451 autem,
521 3384 621 3455 quae
651 3362 688 3431 in
716 3361 782 3434 Vs.
810 3362 850 3432 B.
879 3364 1021 3433 omissa
1048 3372 1154 3452 sunt,
1183 3371 1320 3432 contra
1346 3362 1382 3430 in

203 3488 274 3561 Ed.
303 3490 363 3562 Pr.
387 3493 631 3586 exhibentur,
653 3495 735 3566 lere
758 3495 849 3566 talia
872 3507 977 3567 sunt:
999 3520 1059 3589 ep.
1084 3494 1170 3565 XII:
1196 3494 1382 3587 „Quaero

204 3624 351 3719 itaque,
377 3627 408 3697 si
427 3625 510 3698 fieri
533 3629 708 3721 potest,”
731 3640 926 3723 etqseqq.;
949 3652 1009 3722 ep.
1030 3628 1158 3698 LXXI
1172 3629 1382 3722 postscrip-

203 3768 284 3828 tum
300 3757 560 3852 desideratur,
583 3783 642 3854 ep.
658 3760 764 3831 LXI:
781 3760 917 3854 „Vale,
933 3762 1001 3833 Vir
1014 3760 1380 3834 Praestantissime”

204 3903 399 3986 etqseqq.;
427 3917 487 3986 ep.
515 3894 699 3965 LXXVI:
729 3895 871 3987 „Dom
898 3896 1053 3989 Boylius
1080 3896 1163 3987 te,”
1186 3907 1380 3990 etqseqq.;

203 4049 263 4118 ep.
291 4026 504 4098 LXXVIII:
542 4029 633 4121 „Vir
658 4027 907 4122 Amplissime
935 4042 974 4102 et
1001 4054 1063 4102 me
1091 4032 1194 4101 omni
1222 4028 1379 4102 studio”

202 4171 396 4254 etqseqq.;
431 4161 579 4232 scilicet
617 4161 789 4234 officiosa
825 4162 886 4233 illa
914 4164 1047 4256 verba,
1076 4163 1201 4257 qualia
1229 4165 1266 4235 in
1293 4162 1386 4235 sub-·

203 4290 476 4387 scriptionibus
499 4294 695 4367 literarum
719 4299 757 4367 in
779 4322 851 4369 usu
874 4321 961 4370 esse
988 4297 1125 4371 solent.

250 4427 431 4522 Reliqua,
467 4431 506 4499 in
541 4430 679 4524 qulbus
711 4431 944 4504 dissentiunt
970 4432 1036 4505 Vs.
1064 4433 1104 4504 B.
1132 4444 1172 4504 et
1198 4433 1270 4506 Ed.
1298 4430 1377 4522 Pr.,
