3120 5070
774 444 820 532 78

211 667 480 763 sequentibus:
509 668 672 758 „omnia
699 688 824 760 aeque
847 663 961 758 longe
983 689 1005 736 a
1028 665 1225 759 praesenti
1246 663 1391 736 distare

210 799 499 895 imaginamur.'‘

259 934 325 1007 Vs.
354 935 414 1005 Β.;
445 956 575 1025 „even
601 955 713 1004 verre
741 955 814 1003 van
841 954 913 1003 ons
940 930 982 1002 af
1004 932 1108 1026 zijn.''

260 1156 349 1230 ibid.
390 1174 423 1248 7,
464 1154 584 1226 dem:
626 1165 777 1248 „atque
817 1152 918 1224 adeo
958 1153 1070 1226 Mens
1108 1154 1271 1240 afficitur
1305 1154 1393 1226 idea

210 1289 429 1363 affectionis
455 1288 645 1379 fortioris,
669 1300 709 1359 et
726 1286 945 1359 contrariae
961 1290 1094 1381 priori,
1117 1287 1191 1360 hoc
1207 1299 1266 1359 est
1281 1287 1393 1359 Mens

209 1425 392 1510 afficiatur
418 1421 561 1494 affectu
588 1421 738 1493 fortiori
766 1432 806 1492 et
832 1423 1028 1492 contrario
1056 1423 1194 1515 priori,
1229 1423 1293 1515 qui
1321 1423 1393 1492 sci-

113 1579 115 1583 ’
211 1556 302 1628 licet
329 1557 468 1650 prioris
499 1556 748 1626 existentiam
776 1552 945 1626 secludet
970 1553 1031 1625 vel
1057 1554 1194 1626 tollet.''

262 1687 379 1781 Quod
430 1689 513 1781 ipsa
563 1689 757 1759 sententia
804 1697 844 1758 et
890 1686 1096 1759 verborum
1151 1690 1393 1760 concinnitas

213 1821 395 1913 suadent,
430 1821 579 1893 scilicet
613 1831 656 1891 ut
690 1822 819 1914 priore
847 1819 934 1892 loco
967 1821 1206 1913 „afficiatur”
1240 1823 1394 1893 restitu-

210 1978 339 2047 amus,
368 1954 405 2026 id
433 1954 579 2027 diserte
607 1953 747 2047 probat
774 1953 840 2025 Vs.
867 1954 927 2024 Β.;
958 1953 1050 2046 „En
1076 1952 1319 2046 dieshalven,
1344 1954 1394 2026 de

212 2088 283 2161 ziel
309 2088 374 2159 aul
393 2099 474 2159 met
494 2088 560 2160 het
576 2086 787 2158 denkbeelt
804 2145 933 2158 ......
955 2087 1184 2183 aangedaan
1197 2087 1393 2160 worden.''

262 2309 351 2382 ibid.
394 2330 446 2381 12.
477 2310 608 2382 coroll.
638 2308 738 2380 dem.
769 2311 831 2401 „si
858 2320 1013 2402 tempus
1039 2307 1208 2381 futurum
1235 2333 1257 2380 a
1284 2333 1395 2404 prae-

212 2445 313 2514 senti
341 2429 419 2515 non
445 2442 607 2514 multum
635 2441 779 2514 distare
806 2441 1133 2537 imaginaremur'’
1163 2454 1338 2539 etqseqq.

262 2574 423 2647 Frustra
450 2574 582 2666 Land,
611 2577 675 2670 qui
704 2577 840 2667 invita,
869 2574 1008 2667 cred0,
1037 2577 1230 2647 sententia
1259 2575 1393 2667 „non”

213 2731 265 2780 cx
301 2708 468 2780 lectione
499 2709 642 2780 tradita
668 2708 882 2780 tollendum
909 2721 1134 2800 censuerat,
1170 2708 1219 2780 ad
1247 2711 1395 2802 opinio-

217 2863 305 2912 nem
333 2864 441 2913 suam
467 2841 709 2935 probandam
736 2844 963 2935 provocavit
989 2841 1039 2913 ad
1066 2841 1131 2914 Vs.
1161 2841 1201 2912 Β.
1224 2840 1395 2913 Exhibet
1434 2843 1436 2847 ’

214 2997 307 3047 sane
342 2973 403 3046 illa
437 2977 475 3045 in
508 2987 698 3047 contextu
726 2999 802 3068 „zo
830 3001 890 3069 wy
917 2999 989 3048 ons
1017 2975 1223 3047 inbeelden
1250 2974 1317 3047 dat
1344 2975 1393 3047 de

213 3107 478 3181 toekomende
517 3120 578 3202 tyt
612 3133 711 3179 verre
744 3132 818 3181 van
844 3107 894 3180 de
922 3109 1237 3204 tegenwoordige
1261 3107 1302 3180 af
1320 3109 1392 3199 is,'’

215 3252 254 3313 at
289 3243 327 3311 in
360 3238 611 3337 Corrigendis
646 3266 819 3315 errorem
854 3267 964 3315 suum
998 3246 1193 3336 reparavit
1220 3254 1259 3314 et
1287 3243 1396 3334 „nait

214 3374 341 3444 verre”
371 3373 578 3467 legendum
606 3398 693 3447 esse
720 3376 921 3447 intellexit.

264 3593 354 3665 ibid.
383 3611 436 3686 17,
461 3594 600 3680 schol:
623 3593 725 3687 „sed
747 3594 837 3666 ideo
856 3596 946 3690 quia
960 3617 1124 3666 necesse
1139 3604 1215 3686 est,
1238 3606 1395 3666 nostrae

216 3739 377 3799 naturae
404 3739 484 3799 tam
512 3730 727 3821 potentiam
754 3751 870 3823 quam
896 3730 1166 3822 impotentiam
1194 3726 1393 3800 noscere.”

218 3917 220 3920 .
264 3861 326 3947 Ex
354 3860 428 3933 loci
455 3863 791 3957 argumentatione
818 3873 928 3956 patet
955 3864 1186 3956 scriptorem
1208 3861 1395 3933 voluisse:

216 4019 327 4088 „non
353 3995 477 4068 solum
504 3996 719 4089 potentiam
744 3994 814 4067 sed
829 3997 946 4066 etiam
961 3975 1264 4089 impotentiam.”
1280 3992 1396 4088 Igitur

215 4128 335 4199 multo
357 4129 503 4200 rectius
524 4130 764 4222 transposuit
785 4129 851 4201 Vs.
874 4128 914 4199 B.
938 4128 1037 4220 „dat
1058 4129 1124 4200 het
1138 4126 1396 4221 nootzakelijk

216 4261 248 4332 is
274 4283 319 4331 zo
346 4258 418 4332 wel
444 4259 511 4331 het
537 4284 790 4355 onvermogen,
817 4260 873 4333 als
899 4260 966 4332 het
991 4285 1177 4354 vermogen
1203 4283 1277 4332 van
1298 4280 1396 4332 onze

216 4405 356 4464 natuur
382 4403 421 4463 te
449 4392 640 4464 kennen.'’
