3120 5070
764 454 812 542 36

191 697 328 769 presso
352 685 392 746 et
413 671 564 746 directo
587 672 650 745 illo
674 671 869 745 scribendi
883 695 1048 768 genere,
1072 672 1178 768 quod
1192 676 1376 747 convenit

191 807 360 898 auctori,
407 806 471 901 qui
517 815 747 900 argumento
793 806 907 876 unice
941 806 1113 876 intentus
1147 827 1230 876 rem
1266 829 1376 878 suam

190 960 307 1035 agere
334 961 462 1034 neque
488 938 677 1011 lectorem
700 937 999 1011 oblectamentis
1022 936 1200 1009 detinere
1223 936 1376 1031 studet,

191 1073 334 1168 quique
368 1070 458 1144 ideo
489 1070 671 1144 brevitati
703 1081 744 1142 et
777 1071 1046 1164 perspicuitati
1081 1081 1215 1141 cetera
1246 1073 1376 1143 omnia

190 1216 430 1299 postponere
470 1205 681 1277 constituit.
720 1204 905 1277 Brevitati
943 1226 986 1277 se
1021 1202 1181 1276 studere
1215 1215 1256 1275 et
1290 1205 1376 1298 ipse

189 1337 346 1411 disertis
379 1336 508 1410 verbis
541 1338 685 1431 passim
721 1335 926 1411 confessus
955 1348 1016 1410 est
1043 1347 1083 1408 et
1108 1336 1293 1431 implicite
1320 1339 1375 1408 in-

191 1471 289 1563 nuit,
328 1469 421 1542 dum
454 1468 629 1543 methodi
658 1469 958 1542 mathematicae
991 1469 1256 1565 prolixitatem
1283 1494 1377 1544 con-

190 1601 374 1698 queritur.
397 1602 529 1699 ltaque
552 1603 654 1698 stylo
677 1603 920 1700 aliquatenus
943 1605 1199 1676 concitatiore
1222 1603 1374 1696 scribit,

93 1831 96 1836 .
190 1758 346 1830 semper
383 1738 531 1810 instans
566 1737 636 1811 sibi
670 1749 711 1810 et
745 1736 795 1810 ad
830 1748 1012 1810 eventum
1045 1735 1233 1809 festinans
1270 1739 1377 1808 etin

190 1872 284 1964 ipsis
310 1868 614 1964 digressionibus
640 1871 744 1944 haud
770 1895 858 1945 raro
885 1895 973 1944 sese
1000 1872 1227 1964 corripiens.

239 2002 564 2098 Perspicuitatem
599 2015 730 2077 autem
757 2015 798 2076 et
823 2027 952 2076 rerum
979 2002 1150 2075 lucidum
1177 2001 1375 2095 ordinem,

191 2159 290 2232 quae
317 2148 449 2209 tamen
475 2161 602 2234 neque
629 2148 893 2232 conceptuum
919 2135 1226 2232 profunditatem
1248 2159 1376 2231 neque

192 2269 442 2343 subtilitatem
476 2269 706 2363 excludant,
733 2272 930 2366 principes
956 2280 997 2342 et
1022 2272 1224 2364 primarias
1251 2271 1373 2342 nostri

191 2405 353 2476 virtutes
386 2403 523 2496 fuisse,
550 2427 686 2496 nemo,
714 2415 830 2498 puto,
858 2402 1016 2498 negabit
1042 2415 1083 2475 et
1109 2404 1279 2475 omnium
1307 2403 1377 2473 mi-

191 2537 293 2606 nime
320 2538 370 2628 is,
393 2538 458 2631 qui
479 2538 517 2607 in
538 2539 675 2632 quovis
696 2537 784 2609 loco
808 2538 1048 2609 intricatiore
1070 2535 1373 2631 perpendend0‚

189 2679 396 2764 postquam
436 2668 556 2741 semel
595 2693 732 2742 sensus
771 2671 807 2741 ei
847 2669 990 2763 illuxit,
1030 2669 1237 2743 verborum
1272 2668 1376 2742 ordi-

191 2823 279 2872 nem
314 2811 355 2872 et
389 2800 694 2894 connexionem,
728 2812 914 2897 quantum
947 2824 1076 2874 rerum
1111 2804 1280 2897 gravitas
1306 2800 1376 2873 ad-

189 2935 355 3026 miserit,
386 2933 660 3007 lucidissimam
687 2957 775 3007 esse
802 2937 1003 3029 comperit.
1032 2935 1229 3028 Quantum
1255 2956 1376 3028 porro

190 3088 335 3161 operae
374 3079 511 3141 auctor
549 3067 722 3161 dederit,
756 3079 799 3139 ut
833 3070 1067 3140 sententiam
1102 3091 1211 3141 suam
1236 3067 1374 3139 lectori

190 3222 304 3294 quam
338 3199 561 3293 planissime
596 3204 856 3295 exprimeret,
884 3201 945 3273 vel
972 3200 1062 3273 inde
1091 3200 1241 3293 elucet,
1268 3198 1374 3296 quod

189 3331 292 3404 haud
326 3356 414 3405 raro
445 3336 484 3404 in
511 3334 732 3429 effingendo
759 3335 847 3406 loco
874 3334 1044 3431 quodam
1072 3333 1296 3408 difficiliore
1312 3332 1373 3405 vel

190 3467 393 3539 ratiocinio
428 3470 584 3541 maioris
618 3471 805 3540 momenti
840 3466 1091 3560 deducendo,
1130 3491 1218 3538 cum
1252 3465 1374 3539 semel

190 3596 261 3669 sibi
287 3597 542 3672 satisfecisset
568 3611 609 3673 et
634 3603 820 3694 optimam
848 3612 906 3693 et,
935 3612 976 3672 ut
1002 3603 1056 3672 ita
1082 3600 1230 3693 dicam,
1257 3597 1374 3671 adae-

189 3742 346 3826 quatam
381 3732 648 3805 redactionem
673 3736 867 3806 invenisse
895 3734 965 3806 sibi
992 3736 1096 3807 visus
1122 3745 1245 3826 esset,
1273 3732 1374 3804 hanc

190 3888 346 3937 servare
382 3877 422 3938 et
455 3869 624 3938 retinere
660 3878 717 3959 et,
745 3891 833 3939 cum
860 3890 960 3961 opus
986 3878 1111 3961 esset,
1139 3869 1256 3939 etiam
1282 3865 1371 3939 alibi

184 4233 284 4281 suerat
308 4221 445 4298 scriptor,
466 4222 509 4281 ita
530 4231 610 4281 utet
631 4241 677 4281 res
697 4221 780 4298 ipsae
801 4231 831 4281 et
852 4232 1018 4299 conceptus
1038 4224 1135 4282 multo
1155 4221 1254 4281 lenius
1273 4238 1378 4299 proce·

185 4319 260 4378 dant
284 4328 314 4378 et
335 4319 451 4378 auctori
472 4319 502 4378 in
525 4320 703 4379 exornanda
723 4319 862 4379 oratione
883 4320 980 4396 magis
1001 4321 1060 4380 sibi
1079 4319 1239 4397 indulgere
1249 4317 1378 4378 licuerit.

184 4417 232 4476 De
252 4437 313 4494 qua
333 4437 364 4476 re
385 4419 427 4478 cf.
449 4436 527 4493 quae
547 4437 637 4495 supra
658 4437 728 4495 pag.
749 4437 787 4494 33
810 4418 993 4480 notavimus.
