3120 5070
758 519 801 594 25

187 718 275 792 Eth.
303 720 363 814 III,
391 720 453 793 aff.
482 720 558 794 des.
584 722 649 814 48,
674 722 796 818 cuph:
821 722 1079 816 „ambitiosus
1102 733 1249 816 autem,
1271 723 1371 795 modo

184 861 300 950 speret
307 854 396 950 fore
408 854 514 947 clam,
530 856 568 925 in
582 853 685 926 nulla
698 878 740 927 re
756 855 827 928 sibi
841 856 1118 950 temperabit’';
1134 878 1225 950 pars
1233 867 1369 928 autem

186 988 381 1080 posterior
406 987 494 1058 Eth.
522 986 568 1080 V,
590 1008 650 1081 41,
676 987 811 1060 schol.:
838 1000 908 1081 „at
930 999 1069 1062 contra
1091 991 1122 1062 si
1144 988 1368 1081 crederent,

187 1130 340 1192 mentes
365 1144 454 1192 cum
481 1144 647 1216 corpore
675 1124 849 1215 interire,
882 1122 935 1194 ad
957 1124 1151 1218 ingemunt
1178 1122 1367 1194 redz‘rent’'

188 1254 387 1346 repetitur.

237 1383 461 1459 Secundum
494 1386 718 1482 exemplum
751 1391 800 1462 sit
825 1412 877 1461 ex
903 1389 1114 1482 Eunucho,
1142 1413 1193 1462 ex
1219 1402 1282 1480 ῥῆσι
1308 1387 1370 1459 illa

188 1516 406 1592 Gnathonis
427 1522 606 1614 parasiti,
635 1544 750 1617 quam
772 1533 910 1616 utpote
934 1522 1149 1617 longiorem
1163 1534 1286 1595 totam
1301 1545 1370 1594 ex-

161 1712 163 1717 .
188 1650 358 1723 scribere
385 1635 450 1724 uix
473 1676 572 1747 opus
593 1665 672 1747 est,
696 1665 827 1728 tamen
842 1678 909 1748 ea,
932 1679 1032 1752 quae
1047 1658 1084 1727 in
1098 1668 1272 1730 nostram
1287 1679 1369 1728 rem
1439 1671 1440 1674 ’

186 1781 351 1878 faciunt,
378 1808 593 1880 apponam:

196 2005 270 2070 232.
318 1991 362 2053 Di
395 1992 616 2074 immortaleS,
649 1994 778 2058 homini
810 1995 915 2059 homo
947 1995 1026 2078 quid
1058 1995 1228 2078 praestat?
1259 1992 1371 2056 Stulto

1130 2109 1325 2191 intellegens

318 2221 408 2306 Quid
431 2225 590 2290 interest?
636 2273 1370 2293 ..............

196 2467 270 2534 247.
318 2454 395 2518 Hoc
418 2465 578 2520 novomst
600 2459 795 2540 aucupium:
820 2477 884 2540 ego
908 2457 992 2520 adeo
1011 2457 1100 2520 hanc
1119 2457 1247 2538 primus
1260 2456 1372 2518 inveni

1226 2592 1324 2635 vram.

317 2687 380 2750 Est
418 2707 524 2770 genus
559 2687 751 2768 hominum,
789 2691 846 2772 qui
881 2709 952 2754 esse
986 2690 1115 2772 primos
1150 2708 1185 2750 se
1220 2688 1369 2750 omnium

1054 2825 1164 2867 rerum
1188 2802 1324 2879 volunt,

317 2917 388 2982 Nec
411 2926 491 2982 sunt
494 2966 1368 2987 .................

184 3190 259 3256 254.
282 3175 353 3241 PA.
404 3175 531 3242 Scitum
562 3176 672 3240 hercle
695 3177 884 3240 hominem:
909 3176 963 3239 hic
988 3175 1141 3238 homines
1165 3194 1304 3256 prorsus
1327 3193 1371 3236 ex

945 3289 1054 3352 stultis
1077 3290 1213 3352 insanos
1238 3288 1323 3354 facit.

196 3519 259 3583 262
263 3570 1029 3590 ..............
1076 3521 1195 3583 sectari
1219 3521 1313 3602 iussi,

317 3635 353 3702 Si
387 3639 476 3721 potis
506 3646 574 3717 est,
609 3647 783 3720 tamquam
815 3636 1096 3720 philosophorum
1127 3636 1254 3698 habent
1277 3635 1371 3699 disci·

1046 3752 1156 3835 plinae
1179 3772 1224 3814 ex
1246 3751 1325 3833 ipsis

317 3867 505 3944 Vocabula,
530 3869 668 3950 parasiti
691 3869 737 3931 ita
761 3877 797 3932 ut
821 3868 1022 3932 Gnathonici
1047 3864 1242 3932 vocentur.''

236 4041 334 4115 Cum
360 4044 418 4117 his
443 4043 620 4117 versibus
646 4054 923 4138 comparentur
947 4042 1034 4115 Eth.
1062 4042 1123 4133 IV,
1151 4059 1205 4135 17,
1230 4040 1367 4114 schol.:

187 4158 258 4268 ,ut
280 4175 370 4249 inde
393 4176 624 4250 concludam
647 4176 918 4272 praestabilius
941 4200 1028 4249 csse
1050 4177 1229 4271 ignorare
1252 4198 1368 4270 quam

152 4309 153 4312 ’
186 4311 306 4403 scire,
333 4309 394 4382 vel
421 4309 526 4407 quod
547 4311 664 4383 stulto
687 4310 901 4406 intelligens
923 4311 961 4381 in
982 4307 1231 4382 moderandis
1251 4306 1368 4380 affec·

184 4442 287 4516 tibus
313 4444 416 4516 nihil
439 4444 634 4538 z'ntersr't'';
661 4443 749 4516 Eth.
777 4443 838 4537 IV,
868 4460 925 4534 71,
951 4443 1088 4517 schol.:
1114 4444 1267 4537 „gratia
1286 4499 1293 4514 .
1310 4499 1317 4514 .
1335 4498 1367 4514 ..
