3120 5070
760 517 801 568 21

242 719 335 811 lam,
362 719 394 790 si
420 718 567 812 placet,
595 717 725 814 relege
752 719 871 792 verba
896 720 1166 816 BIyenberghii
1190 724 1303 794 sicuti
1326 746 1373 795 ea

190 850 450 925 reddidimus:
484 874 590 944 „non
618 875 758 924 recuso
769 901 781 945 ,-
803 854 835 925 si
862 875 910 925 ea
935 852 1083 948 lingua,
1112 857 1151 926 in
1176 878 1253 951 qua
1280 854 1373 927 edu-

190 996 303 1059 catus
329 1007 392 1077 eS,
432 984 603 1058 scribere
631 997 692 1058 est
718 987 886 1076 animus,
927 988 1118 1083 siquidem
1144 987 1286 1060 Latina
1307 1002 1373 1062 aut

192 1119 341 1194 Gallica
376 1130 437 1192 est
447 1147 455 1211 3
492 1118 566 1190 hoc
601 1141 695 1190 vero
722 1141 969 1213 responsum,
998 1131 1040 1192 ut
1067 1120 1205 1194 eadem
1232 1145 1373 1196 exares

191 1253 338 1348 lingua,
378 1263 492 1346 peto,
529 1253 617 1348 quia
651 1263 823 1324 mentem
849 1264 955 1325 tuam
982 1256 1020 1325 in
1048 1277 1095 1326 ea
1120 1255 1239 1349 bene,
1267 1255 1373 1352 quod

190 1385 292 1458 lorte
318 1387 357 1457 in
383 1385 511 1479 lingua
538 1385 679 1457 Latina
706 1409 784 1458 non
810 1386 942 1480 fieret,
970 1390 1277 1484 percipiebam'’.

149 1587 160 1593 „
240 1517 362 1591 Vides
396 1519 513 1590 etiam
547 1517 791 1614 Blyenbergh
827 1523 1066 1614 suspicatum
1092 1545 1181 1595 esse
1208 1546 1280 1616 per
1306 1522 1373 1594 lin-

190 1673 304 1745 guam
326 1649 445 1743 illam,
468 1653 507 1722 in
530 1675 606 1747 qua
628 1650 818 1725 educatus
840 1665 946 1726 esset
965 1653 1148 1748 Spinoza,
1167 1655 1373 1750 significari

190 1783 370 1856 Latinam
403 1795 470 1856 aut
502 1783 691 1858 Gallicam
718 1797 758 1858 et
784 1785 940 1882 quidem
968 1810 1057 1859 eum
1083 1790 1295 1882 praecipue
1323 1787 1372 1860 de

190 1916 331 1989 Latina
365 1919 579 2013 cogitasse,
615 1942 703 1990 cum
737 1921 777 1990 in
808 1920 1055 1994 ulterioribus
1081 1920 1270 1995 Gallicam
1296 1923 1373 1993 iam

190 2050 402 2146 neglegens
428 2049 478 2122 de
505 2050 587 2124 sola
613 2051 755 2124 Latina
781 2055 860 2148 agit
887 2063 1003 2148 atque
1031 2054 1213 2149 disputat.

238 2182 375 2256 Altera
401 2207 482 2277 res,
511 2208 610 2281 quae
637 2184 720 2257 fere
748 2185 889 2257 eodem
917 2198 1088 2280 spectat,
1117 2187 1213 2260 haec
1237 2199 1308 2260 est.
1332 2188 1373 2260 ln

190 2317 432 2412 assignandis
467 2318 710 2391 versionibus
742 2319 892 2391 Latinis
926 2317 1074 2391 illarum
1101 2319 1371 2414 epistularum,

189 2475 286 2547 quas
321 2451 412 2524 olim
438 2452 678 2526 Hollandice
705 2455 948 2547 conscriptas
975 2477 1063 2527 esse
1090 2467 1264 2549 constat,
1293 2454 1373 2527 edi-

188 2596 296 2659 tores
323 2585 476 2682 Hagani
501 2586 596 2659 alias
623 2586 815 2682 Spinozae
838 2589 930 2682 ipsi,
954 2587 1047 2660 alias
1062 2590 1196 2662 amicis
1210 2591 1293 2661 eius
1307 2591 1372 2661 tri-

188 2718 366 2792 buerunt.
396 2719 483 2813 Qua
506 2721 544 2790 in
566 2744 608 2792 re
632 2720 714 2793 fere
736 2723 909 2813 unicam,
932 2733 975 2793 ut
996 2720 1160 2815 videtur,
1184 2745 1371 2814 normam,

190 2851 382 2949 adquam
409 2864 628 2926 statuerunt
653 2856 874 2927 versionem
900 2854 999 2926 hanc
1027 2853 1088 2926 vel
1115 2855 1216 2926 illam
1243 2854 1371 2949 aSpi-

188 3009 286 3058 noza
313 2998 379 3058 aut
406 2987 456 3060 ab
483 2991 608 3059 amico
636 2987 780 3060 factam
807 3011 915 3080 esse,
943 2987 1127 3060 lemmata
1148 2987 1308 3080 Latina,
1333 2990 1371 3058 in

187 3122 361 3215 margine
387 3120 588 3194 Versionis
613 3120 793 3216 Belgicae
821 3124 1085 3213 occurrentia,
1113 3121 1231 3193 luisse
1253 3144 1370 3214 appa·

189 3264 249 3325 ret
258 3282 267 3347 ;
303 3256 447 3350 quippe
482 3278 582 3351 quae
609 3257 802 3349 interpres
827 3255 996 3326 Batavus
1023 3277 1073 3325 ex
1101 3256 1220 3348 ipsius
1246 3252 1370 3347 philo·

188 3388 299 3481 sophi
326 3389 568 3463 versionibus
596 3388 829 3483 depromere
852 3398 892 3461 et
915 3390 1119 3461 contextui
1143 3412 1213 3461 suo
1237 3389 1370 3480 appin-

188 3542 282 3614 gere
317 3545 463 3616 operae
498 3525 665 3617 pretium
700 3523 876 3615 duxerit,
913 3533 1050 3594 contra
1076 3544 1128 3593 ex
1155 3519 1368 3593 amicorum

187 3654 511 3749 interpretatione
537 3656 818 3730 transscribere
845 3657 984 3727 merito
1013 3656 1214 3749 spreverit.

237 3787 349 3881 Quae
383 3791 514 3883 opinio
541 3791 664 3884 prima
691 3811 784 3861 sane
811 3787 941 3860 lronte
968 3789 1062 3859 satis
1088 3787 1252 3879 arridet,
1279 3785 1367 3859 vide

185 3931 335 4015 tamen,
364 3946 440 4018 quo
469 3922 641 3996 editores
663 3921 902 4017 perduxerit.
927 3919 1087 3993 Scilicet
1109 3943 1174 4012 eo,
1198 3931 1257 4011 ut,
1279 3943 1367 3991 cum

185 4056 438 4148 epistularum
461 4055 533 4127 XL
556 4066 596 4127 et
618 4056 651 4128 L
674 4059 801 4150 ipsum
824 4079 968 4149 corpus
990 4053 1183 4149 Spinozae
1197 4051 1367 4125 vindica-

186 4199 290 4280 rent,
311 4201 443 4260 tamen
457 4187 646 4282 epistulae
660 4188 733 4260 XL
749 4188 953 4260 exordium
969 4190 1062 4260 satis
1075 4187 1206 4280 breve,
1223 4189 1365 4280 epistu-

185 4319 245 4391 lae
264 4319 298 4391 L
320 4319 473 4394 ultimas
493 4323 707 4393 sententias
727 4321 775 4392 ab
796 4322 922 4392 amico
937 4343 1070 4393 versas
1085 4321 1364 4393 existimarent.

185 4450 370 4525 Similiter
401 4464 608 4550 postquam
635 4477 771 4528 omnes
797 4452 983 4547 epistulas
1010 4477 1033 4524 a
1059 4453 1221 4526 Boxelio
1249 4464 1289 4524 et
1315 4452 1367 4525 ad
