<?xml version="1.0" encoding="UTF-8"?>
<!DOCTYPE html PUBLIC "-//W3C//DTD XHTML 1.0 Transitional//EN"
    "http://www.w3.org/TR/xhtml1/DTD/xhtml1-transitional.dtd">
<html xmlns="http://www.w3.org/1999/xhtml" xml:lang="en" lang="en">
 <head>
  <title>
</title>
<meta http-equiv="Content-Type" content="text/html;charset=utf-8" />
  <meta name='ocr-system' content='tesseract 3.04.00' />
  <meta name='ocr-capabilities' content='ocr_page ocr_carea ocr_par ocr_line ocrx_word'/>
</head>
<body>
  <div class='ocr_page' id='page_1' title='image "./adspinozaeopera00leopgoog_0082.png"; bbox 0 0 3120 5070; ppageno 0'>
   <div class='ocr_carea' id='block_1_1' title="bbox 750 466 792 535">
    <p class='ocr_par' dir='ltr' id='par_1_1' title="bbox 750 466 792 535">
     <span class='ocr_line' id='line_1_1' title="bbox 750 466 792 535; baseline 0.024 -1"><span class='ocrx_word' id='word_1_1' title='bbox 750 466 792 535; x_wconf 90' lang='lat'>61</span> 
     </span>
    </p>
   </div>
   <div class='ocr_carea' id='block_1_2' title="bbox 181 687 1361 782">
    <p class='ocr_par' dir='ltr' id='par_1_2' title="bbox 181 687 1361 782">
     <span class='ocr_line' id='line_1_2' title="bbox 181 687 1361 782; baseline 0.004 -26"><span class='ocrx_word' id='word_1_2' title='bbox 181 697 318 779; x_wconf 85' lang='lat' dir='ltr'>utpote</span> <span class='ocrx_word' id='word_1_3' title='bbox 357 689 526 778; x_wconf 93' lang='lat' dir='ltr'>minora,</span> <span class='ocrx_word' id='word_1_4' title='bbox 566 689 631 758; x_wconf 79' lang='lat' dir='ltr'>viX</span> <span class='ocrx_word' id='word_1_5' title='bbox 665 710 764 780; x_wconf 92' lang='lat' dir='ltr'>opus</span> <span class='ocrx_word' id='word_1_6' title='bbox 799 698 859 758; x_wconf 91' lang='lat' dir='ltr'>est</span> <span class='ocrx_word' id='word_1_7' title='bbox 892 687 952 759; x_wconf 91' lang='lat' dir='ltr'>hic</span> <span class='ocrx_word' id='word_1_8' title='bbox 986 712 1236 782; x_wconf 89' lang='lat' dir='ltr'>enumerare;</span> <span class='ocrx_word' id='word_1_9' title='bbox 1264 689 1361 761; x_wconf 91' lang='lat' dir='ltr'>duas</span> 
     </span>
    </p>
   </div>
   <div class='ocr_carea' id='block_1_3' title="bbox 97 819 1360 4001">
    <p class='ocr_par' dir='ltr' id='par_1_3' title="bbox 161 819 1360 1696">
     <span class='ocr_line' id='line_1_3' title="bbox 180 819 1360 918; baseline 0.003 -27"><span class='ocrx_word' id='word_1_10' title='bbox 180 831 331 891; x_wconf 90' lang='lat' dir='ltr'>tantum</span> <span class='ocrx_word' id='word_1_11' title='bbox 365 842 429 892; x_wconf 90' lang='lat' dir='ltr'>res</span> <span class='ocrx_word' id='word_1_12' title='bbox 459 830 596 891; x_wconf 91' lang='lat' dir='ltr'>notatu</span> <span class='ocrx_word' id='word_1_13' title='bbox 622 819 750 912; x_wconf 92' lang='lat' dir='ltr'>paullo</span> <span class='ocrx_word' id='word_1_14' title='bbox 778 819 975 914; x_wconf 84' lang='lat' dir='ltr'>digniores</span> <span class='ocrx_word' id='word_1_15' title='bbox 1002 844 1052 892; x_wconf 88' lang='lat' dir='ltr'>ex</span> <span class='ocrx_word' id='word_1_16' title='bbox 1080 845 1220 918; x_wconf 84' lang='lat' dir='ltr'>magna</span> <span class='ocrx_word' id='word_1_17' title='bbox 1247 825 1360 916; x_wconf 88' lang='lat' dir='ltr'>copia</span> 
     </span>
     <span class='ocr_line' id='line_1_4' title="bbox 179 953 1358 1047; baseline 0.005 -23"><span class='ocrx_word' id='word_1_18' title='bbox 179 976 413 1046; x_wconf 82' lang='lat' dir='ltr'>expromere</span> <span class='ocrx_word' id='word_1_19' title='bbox 452 953 579 1025; x_wconf 89' lang='lat' dir='ltr'>liceat.</span> <span class='ocrx_word' id='word_1_20' title='bbox 621 953 793 1046; x_wconf 81' lang='lat' dir='ltr'>Quarum</span> <span class='ocrx_word' id='word_1_21' title='bbox 829 956 935 1047; x_wconf 89' lang='lat' dir='ltr'>prior</span> <span class='ocrx_word' id='word_1_22' title='bbox 969 957 1126 1028; x_wconf 91' lang='lat' dir='ltr'>omnino</span> <span class='ocrx_word' id='word_1_23' title='bbox 1161 955 1266 1028; x_wconf 86' lang='lat' dir='ltr'>favet</span> <span class='ocrx_word' id='word_1_24' title='bbox 1292 957 1358 1030; x_wconf 84' lang='lat' dir='ltr'>Vs.</span> 
     </span>
     <span class='ocr_line' id='line_1_5' title="bbox 161 1086 1358 1184; baseline 0.005 -27"><span class='ocrx_word' id='word_1_25' title='bbox 161 1086 376 1181; x_wconf 85' lang='lat' dir='ltr'>Belgicae:</span> <span class='ocrx_word' id='word_1_26' title='bbox 405 1087 553 1159; x_wconf 84' lang='lat' dir='ltr'>scillcet</span> <span class='ocrx_word' id='word_1_27' title='bbox 577 1086 682 1180; x_wconf 93' lang='lat' dir='ltr'>quod</span> <span class='ocrx_word' id='word_1_28' title='bbox 703 1086 897 1159; x_wconf 90' lang='lat' dir='ltr'>interdum</span> <span class='ocrx_word' id='word_1_29' title='bbox 919 1087 1051 1160; x_wconf 92' lang='lat' dir='ltr'>datum</span> <span class='ocrx_word' id='word_1_30' title='bbox 1074 1090 1123 1162; x_wconf 92' lang='lat' dir='ltr'>ab</span> <span class='ocrx_word' id='word_1_31' title='bbox 1145 1092 1358 1184; x_wconf 82' lang='lat' dir='ltr'>interprete</span> 
     </span>
     <span class='ocr_line' id='line_1_6' title="bbox 178 1220 1357 1317; baseline 0.005 -26"><span class='ocrx_word' id='word_1_32' title='bbox 178 1220 334 1315; x_wconf 81' lang='lat' dir='ltr'>Belgico</span> <span class='ocrx_word' id='word_1_33' title='bbox 369 1224 589 1293; x_wconf 84' lang='lat' dir='ltr'>accuratius</span> <span class='ocrx_word' id='word_1_34' title='bbox 625 1232 820 1293; x_wconf 89' lang='lat' dir='ltr'>servatum</span> <span class='ocrx_word' id='word_1_35' title='bbox 853 1221 1006 1294; x_wconf 89' lang='lat' dir='ltr'>videtur</span> <span class='ocrx_word' id='word_1_36' title='bbox 1040 1247 1154 1317; x_wconf 90' lang='lat' dir='ltr'>quam</span> <span class='ocrx_word' id='word_1_37' title='bbox 1189 1225 1237 1296; x_wconf 92' lang='lat' dir='ltr'>ab</span> <span class='ocrx_word' id='word_1_38' title='bbox 1269 1225 1357 1297; x_wconf 91' lang='lat' dir='ltr'>edd.</span> 
     </span>
     <span class='ocr_line' id='line_1_7' title="bbox 179 1354 1358 1453; baseline 0.004 -29"><span class='ocrx_word' id='word_1_39' title='bbox 179 1354 385 1427; x_wconf 85' lang='lat' dir='ltr'>veteribus.</span> <span class='ocrx_word' id='word_1_40' title='bbox 416 1354 632 1448; x_wconf 90' lang='lat' dir='ltr'>Epistulam</span> <span class='ocrx_word' id='word_1_41' title='bbox 659 1355 747 1426; x_wconf 89' lang='lat' dir='ltr'>LXI</span> <span class='ocrx_word' id='word_1_42' title='bbox 774 1358 812 1427; x_wconf 94' lang='lat' dir='ltr'>in</span> <span class='ocrx_word' id='word_1_43' title='bbox 839 1358 1103 1451; x_wconf 89' lang='lat' dir='ltr'>superioribus</span> <span class='ocrx_word' id='word_1_44' title='bbox 1131 1361 1206 1430; x_wconf 92' lang='lat' dir='ltr'>iam</span> <span class='ocrx_word' id='word_1_45' title='bbox 1233 1361 1358 1453; x_wconf 84' lang='lat' dir='ltr'>attigi-</span> 
     </span>
     <span class='ocr_line' id='line_1_8' title="bbox 178 1487 1357 1587; baseline 0.005 -29"><span class='ocrx_word' id='word_1_46' title='bbox 178 1511 262 1560; x_wconf 91' lang='lat' dir='ltr'>mus</span> <span class='ocrx_word' id='word_1_47' title='bbox 272 1517 280 1581; x_wconf 80' lang='lat'><em>3</em></span> <span class='ocrx_word' id='word_1_48' title='bbox 322 1490 383 1559; x_wconf 89' lang='lat' dir='ltr'>cui</span> <span class='ocrx_word' id='word_1_49' title='bbox 419 1487 509 1559; x_wconf 91' lang='lat' dir='ltr'>addi</span> <span class='ocrx_word' id='word_1_50' title='bbox 543 1500 708 1582; x_wconf 89' lang='lat' dir='ltr'>possunt</span> <span class='ocrx_word' id='word_1_51' title='bbox 742 1512 831 1584; x_wconf 94' lang='lat' dir='ltr'>epp.</span> <span class='ocrx_word' id='word_1_52' title='bbox 867 1490 937 1561; x_wconf 88' lang='lat' dir='ltr'>XII</span> <span class='ocrx_word' id='word_1_53' title='bbox 971 1503 1011 1563; x_wconf 90' lang='lat' dir='ltr'>et</span> <span class='ocrx_word' id='word_1_54' title='bbox 1037 1491 1159 1584; x_wconf 89' lang='lat' dir='ltr'>XLII,</span> <span class='ocrx_word' id='word_1_55' title='bbox 1196 1516 1357 1587; x_wconf 93' lang='lat' dir='ltr'>quarum</span> 
     </span>
     <span class='ocr_line' id='line_1_9' title="bbox 177 1620 957 1696; baseline 0.005 -4"><span class='ocrx_word' id='word_1_56' title='bbox 177 1620 309 1693; x_wconf 92' lang='lat' dir='ltr'>datum</span> <span class='ocrx_word' id='word_1_57' title='bbox 336 1625 450 1694; x_wconf 91' lang='lat' dir='ltr'>unica</span> <span class='ocrx_word' id='word_1_58' title='bbox 476 1623 542 1694; x_wconf 87' lang='lat' dir='ltr'>Vs.</span> <span class='ocrx_word' id='word_1_59' title='bbox 570 1622 610 1694; x_wconf 88' lang='grc' dir='ltr'>Β.</span> <span class='ocrx_word' id='word_1_60' title='bbox 639 1623 751 1695; x_wconf 93' lang='lat' dir='ltr'>nobis</span> <span class='ocrx_word' id='word_1_61' title='bbox 779 1626 957 1696; x_wconf 91' lang='lat' dir='ltr'>servavit.</span> 
     </span>
    </p>

    <p class='ocr_par' dir='ltr' id='par_1_4' title="bbox 169 1755 1357 3194">
     <span class='ocr_line' id='line_1_10' title="bbox 224 1755 1357 1853; baseline 0.005 -27"><span class='ocrx_word' id='word_1_62' title='bbox 224 1755 417 1849; x_wconf 84' lang='lat' dir='ltr'>Alterum,</span> <span class='ocrx_word' id='word_1_63' title='bbox 446 1757 552 1852; x_wconf 94' lang='lat' dir='ltr'>quod</span> <span class='ocrx_word' id='word_1_64' title='bbox 578 1758 687 1849; x_wconf 94' lang='lat' dir='ltr'>volo,</span> <span class='ocrx_word' id='word_1_65' title='bbox 715 1757 789 1829; x_wconf 89' lang='lat' dir='ltr'>hoc</span> <span class='ocrx_word' id='word_1_66' title='bbox 817 1769 887 1830; x_wconf 89' lang='lat' dir='ltr'>est.</span> <span class='ocrx_word' id='word_1_67' title='bbox 914 1758 987 1853; x_wconf 87' lang='lat' dir='ltr'>Ep.</span> <span class='ocrx_word' id='word_1_68' title='bbox 1010 1758 1087 1829; x_wconf 96' lang='lat' dir='ltr'>XX</span> <span class='ocrx_word' id='word_1_69' title='bbox 1111 1761 1149 1830; x_wconf 93' lang='lat' dir='ltr'>in</span> <span class='ocrx_word' id='word_1_70' title='bbox 1171 1759 1264 1831; x_wconf 87' lang='lat' dir='ltr'>fine:</span> <span class='ocrx_word' id='word_1_71' title='bbox 1289 1772 1357 1852; x_wconf 96' lang='lat' dir='ltr'>„et</span> 
     </span>
     <span class='ocr_line' id='line_1_11' title="bbox 175 1889 1355 1987; baseline 0.003 -26"><span class='ocrx_word' id='word_1_72' title='bbox 175 1890 265 1962; x_wconf 92' lang='lat' dir='ltr'>ideo</span> <span class='ocrx_word' id='word_1_73' title='bbox 291 1889 462 1963; x_wconf 78' lang='lat' dir='ltr'>demIror</span> <span class='ocrx_word' id='word_1_74' title='bbox 488 1893 527 1961; x_wconf 93' lang='lat' dir='ltr'>in</span> <span class='ocrx_word' id='word_1_75' title='bbox 551 1889 799 1963; x_wconf 88' lang='lat' dir='ltr'>Praefatione</span> <span class='ocrx_word' id='word_1_76' title='bbox 826 1891 1052 1982; x_wconf 86' lang='lat' dir='ltr'>affirmari,&#39;’</span> <span class='ocrx_word' id='word_1_77' title='bbox 1088 1905 1265 1987; x_wconf 92' lang='lat' dir='ltr'>etqseqq.</span> <span class='ocrx_word' id='word_1_78' title='bbox 1288 1893 1355 1966; x_wconf 87' lang='lat' dir='ltr'>Vs.</span> 
     </span>
     <span class='ocr_line' id='line_1_12' title="bbox 175 2024 1356 2118; baseline 0.003 -24"><span class='ocrx_word' id='word_1_79' title='bbox 175 2047 318 2096; x_wconf 90' lang='lat' dir='ltr'>nomen</span> <span class='ocrx_word' id='word_1_80' title='bbox 355 2024 400 2096; x_wconf 92' lang='lat' dir='ltr'>L.</span> <span class='ocrx_word' id='word_1_81' title='bbox 442 2024 578 2118; x_wconf 89' lang='lat' dir='ltr'>Meyer</span> <span class='ocrx_word' id='word_1_82' title='bbox 615 2024 784 2117; x_wconf 88' lang='lat' dir='ltr'>addidit,</span> <span class='ocrx_word' id='word_1_83' title='bbox 820 2024 924 2098; x_wconf 92' lang='lat' dir='ltr'>unde</span> <span class='ocrx_word' id='word_1_84' title='bbox 959 2025 1072 2098; x_wconf 92' lang='lat' dir='ltr'>Land</span> <span class='ocrx_word' id='word_1_85' title='bbox 1105 2029 1143 2098; x_wconf 91' lang='lat' dir='ltr'>in</span> <span class='ocrx_word' id='word_1_86' title='bbox 1178 2039 1271 2099; x_wconf 93' lang='lat' dir='ltr'>nota</span> <span class='ocrx_word' id='word_1_87' title='bbox 1306 2025 1356 2098; x_wconf 88' lang='lat' dir='ltr'>ad</span> 
     </span>
     <span class='ocr_line' id='line_1_13' title="bbox 174 2157 1352 2255; baseline 0.003 -27"><span class='ocrx_word' id='word_1_88' title='bbox 174 2157 273 2230; x_wconf 91' lang='lat' dir='ltr'>hanc</span> <span class='ocrx_word' id='word_1_89' title='bbox 300 2157 504 2252; x_wconf 90' lang='lat' dir='ltr'>epistulam</span> <span class='ocrx_word' id='word_1_90' title='bbox 531 2157 687 2230; x_wconf 87' lang='lat' dir='ltr'>efficere</span> <span class='ocrx_word' id='word_1_91' title='bbox 714 2170 876 2231; x_wconf 91' lang='lat' dir='ltr'>conatus</span> <span class='ocrx_word' id='word_1_92' title='bbox 896 2170 975 2252; x_wconf 87' lang='lat' dir='ltr'>est,</span> <span class='ocrx_word' id='word_1_93' title='bbox 999 2160 1352 2255; x_wconf 87' lang='lat' dir='ltr'>Meyerumfuisse‚</span> 
     </span>
     <span class='ocr_line' id='line_1_14' title="bbox 174 2291 1353 2387; baseline 0.002 -24"><span class='ocrx_word' id='word_1_94' title='bbox 174 2295 238 2386; x_wconf 90' lang='lat' dir='ltr'>qui</span> <span class='ocrx_word' id='word_1_95' title='bbox 277 2292 375 2365; x_wconf 91' lang='lat' dir='ltr'>hanc</span> <span class='ocrx_word' id='word_1_96' title='bbox 415 2291 618 2387; x_wconf 90' lang='lat' dir='ltr'>epistulam</span> <span class='ocrx_word' id='word_1_97' title='bbox 653 2292 793 2364; x_wconf 87' lang='lat' dir='ltr'>Latine</span> <span class='ocrx_word' id='word_1_98' title='bbox 827 2295 1004 2385; x_wconf 91' lang='lat' dir='ltr'>verterit,</span> <span class='ocrx_word' id='word_1_99' title='bbox 1047 2294 1197 2366; x_wconf 89' lang='lat' dir='ltr'>seilicet</span> <span class='ocrx_word' id='word_1_100' title='bbox 1228 2293 1353 2366; x_wconf 88' lang='lat' dir='ltr'>lamae</span> 
     </span>
     <span class='ocr_line' id='line_1_15' title="bbox 172 2427 1351 2522; baseline 0.001 -24"><span class='ocrx_word' id='word_1_101' title='bbox 172 2451 264 2499; x_wconf 91' lang='lat' dir='ltr'>suae</span> <span class='ocrx_word' id='word_1_102' title='bbox 312 2427 581 2500; x_wconf 89' lang='lat' dir='ltr'>consulentem</span> <span class='ocrx_word' id='word_1_103' title='bbox 621 2438 660 2498; x_wconf 92' lang='lat' dir='ltr'>et</span> <span class='ocrx_word' id='word_1_104' title='bbox 698 2451 842 2498; x_wconf 90' lang='lat' dir='ltr'>nomen</span> <span class='ocrx_word' id='word_1_105' title='bbox 882 2451 993 2500; x_wconf 92' lang='lat' dir='ltr'>suum</span> <span class='ocrx_word' id='word_1_106' title='bbox 1034 2430 1351 2522; x_wconf 90' lang='lat' dir='ltr'>supprimentem.</span> 
     </span>
     <span class='ocr_line' id='line_1_16' title="bbox 170 2559 1351 2657; baseline 0.003 -26"><span class='ocrx_word' id='word_1_107' title='bbox 170 2559 288 2632; x_wconf 91' lang='lat' dir='ltr'>Plane</span> <span class='ocrx_word' id='word_1_108' title='bbox 328 2560 467 2633; x_wconf 88' lang='lat' dir='ltr'>eadem</span> <span class='ocrx_word' id='word_1_109' title='bbox 507 2572 637 2633; x_wconf 92' lang='lat' dir='ltr'>autem</span> <span class='ocrx_word' id='word_1_110' title='bbox 673 2583 735 2634; x_wconf 90' lang='lat' dir='ltr'>res</span> <span class='ocrx_word' id='word_1_111' title='bbox 761 2564 933 2634; x_wconf 92' lang='lat' dir='ltr'>occurrit</span> <span class='ocrx_word' id='word_1_112' title='bbox 963 2586 1023 2657; x_wconf 92' lang='lat' dir='ltr'>ep.</span> <span class='ocrx_word' id='word_1_113' title='bbox 1051 2563 1160 2656; x_wconf 90' lang='lat' dir='ltr'>XXI,</span> <span class='ocrx_word' id='word_1_114' title='bbox 1187 2564 1252 2635; x_wconf 93' lang='lat' dir='ltr'>ubi</span> <span class='ocrx_word' id='word_1_115' title='bbox 1278 2563 1351 2634; x_wconf 93' lang='lat' dir='ltr'>Ed.</span> 
     </span>
     <span class='ocr_line' id='line_1_17' title="bbox 169 2693 1351 2790; baseline 0.002 -25"><span class='ocrx_word' id='word_1_116' title='bbox 169 2693 230 2766; x_wconf 89' lang='lat' dir='ltr'>Pr.</span> <span class='ocrx_word' id='word_1_117' title='bbox 257 2693 393 2766; x_wconf 92' lang='lat' dir='ltr'>habet:</span> <span class='ocrx_word' id='word_1_118' title='bbox 423 2694 496 2786; x_wconf 90' lang='lat' dir='ltr'>„L.</span> <span class='ocrx_word' id='word_1_119' title='bbox 525 2694 574 2765; x_wconf 86' lang='lat' dir='ltr'>M.</span> <span class='ocrx_word' id='word_1_120' title='bbox 602 2696 640 2766; x_wconf 92' lang='lat' dir='ltr'>in</span> <span class='ocrx_word' id='word_1_121' title='bbox 666 2695 954 2790; x_wconf 86' lang='lat' dir='ltr'>praelatione&#39;’,</span> <span class='ocrx_word' id='word_1_122' title='bbox 978 2710 1116 2770; x_wconf 91' lang='lat' dir='ltr'>contra</span> <span class='ocrx_word' id='word_1_123' title='bbox 1138 2697 1260 2770; x_wconf 90' lang='lat' dir='ltr'>Vs.B.</span> <span class='ocrx_word' id='word_1_124' title='bbox 1275 2697 1351 2769; x_wconf 93' lang='lat' dir='ltr'>bis:</span> 
     </span>
     <span class='ocr_line' id='line_1_18' title="bbox 171 2827 1350 2926; baseline 0.002 -26"><span class='ocrx_word' id='word_1_125' title='bbox 171 2827 248 2920; x_wconf 92' lang='lat' dir='ltr'>„D.</span> <span class='ocrx_word' id='word_1_126' title='bbox 277 2828 441 2923; x_wconf 88' lang='lat' dir='ltr'>Meyer”</span> <span class='ocrx_word' id='word_1_127' title='bbox 470 2831 657 2922; x_wconf 89' lang='lat' dir='ltr'>nominat;</span> <span class='ocrx_word' id='word_1_128' title='bbox 686 2831 857 2924; x_wconf 89' lang='lat' dir='ltr'>itemque</span> <span class='ocrx_word' id='word_1_129' title='bbox 887 2854 948 2926; x_wconf 94' lang='lat' dir='ltr'>ep.</span> <span class='ocrx_word' id='word_1_130' title='bbox 977 2831 1163 2923; x_wconf 86' lang='lat' dir='ltr'>LXXXI,</span> <span class='ocrx_word' id='word_1_131' title='bbox 1190 2831 1255 2903; x_wconf 93' lang='lat' dir='ltr'>ubi</span> <span class='ocrx_word' id='word_1_132' title='bbox 1277 2829 1350 2902; x_wconf 87' lang='lat' dir='ltr'>Ed.</span> 
     </span>
     <span class='ocr_line' id='line_1_19' title="bbox 169 2961 1355 3058; baseline 0.003 -26"><span class='ocrx_word' id='word_1_133' title='bbox 169 2961 249 3034; x_wconf 91' lang='lat' dir='ltr'>Pr.:</span> <span class='ocrx_word' id='word_1_134' title='bbox 278 2966 347 3055; x_wconf 92' lang='lat' dir='ltr'>„in</span> <span class='ocrx_word' id='word_1_135' title='bbox 373 2962 550 3058; x_wconf 88' lang='lat' dir='ltr'>Epistola</span> <span class='ocrx_word' id='word_1_136' title='bbox 577 2963 627 3035; x_wconf 90' lang='lat' dir='ltr'>de</span> <span class='ocrx_word' id='word_1_137' title='bbox 654 2964 849 3057; x_wconf 87' lang='lat' dir='ltr'>Infinito,”</span> <span class='ocrx_word' id='word_1_138' title='bbox 877 2965 944 3039; x_wconf 90' lang='lat' dir='ltr'>Vs.</span> <span class='ocrx_word' id='word_1_139' title='bbox 971 2966 1030 3040; x_wconf 91' lang='lat' dir='ltr'>B.:</span> <span class='ocrx_word' id='word_1_140' title='bbox 1063 2968 1133 3058; x_wconf 85' lang='lat' dir='ltr'>„in</span> <span class='ocrx_word' id='word_1_141' title='bbox 1160 2988 1233 3037; x_wconf 91' lang='lat' dir='ltr'>een</span> <span class='ocrx_word' id='word_1_142' title='bbox 1253 2964 1355 3036; x_wconf 87' lang='lat' dir='ltr'>brief</span> 
     </span>
     <span class='ocr_line' id='line_1_20' title="bbox 169 3096 969 3194; baseline 0.004 -26"><span class='ocrx_word' id='word_1_143' title='bbox 169 3119 243 3168; x_wconf 89' lang='lat' dir='ltr'>aan</span> <span class='ocrx_word' id='word_1_144' title='bbox 269 3096 314 3168; x_wconf 91' lang='lat' dir='ltr'>L.</span> <span class='ocrx_word' id='word_1_145' title='bbox 341 3096 392 3168; x_wconf 90' lang='lat' dir='ltr'>M.</span> <span class='ocrx_word' id='word_1_146' title='bbox 419 3097 701 3192; x_wconf 82' lang='lat' dir='ltr'>geschreven,’&#39;</span> <span class='ocrx_word' id='word_1_147' title='bbox 729 3097 899 3170; x_wconf 86' lang='lat' dir='ltr'>exhibet.</span> <span class='ocrx_word' id='word_1_148' title='bbox 936 3099 969 3194; x_wconf 76' lang='grc' dir='ltr'>ι)</span> 
     </span>
    </p>

    <p class='ocr_par' dir='ltr' id='par_1_5' title="bbox 97 3229 1349 4001">
     <span class='ocr_line' id='line_1_21' title="bbox 218 3229 1349 3328; baseline 0 -25"><span class='ocrx_word' id='word_1_149' title='bbox 218 3229 477 3304; x_wconf 87' lang='lat' dir='ltr'>Statuendum</span> <span class='ocrx_word' id='word_1_150' title='bbox 503 3234 618 3328; x_wconf 84' lang='lat' dir='ltr'>igitur</span> <span class='ocrx_word' id='word_1_151' title='bbox 643 3231 716 3303; x_wconf 93' lang='lat' dir='ltr'>Ed.</span> <span class='ocrx_word' id='word_1_152' title='bbox 743 3230 805 3303; x_wconf 89' lang='lat' dir='ltr'>Pr.</span> <span class='ocrx_word' id='word_1_153' title='bbox 827 3244 868 3304; x_wconf 88' lang='lat' dir='ltr'>et</span> <span class='ocrx_word' id='word_1_154' title='bbox 888 3232 955 3305; x_wconf 91' lang='lat' dir='ltr'>Vs.</span> <span class='ocrx_word' id='word_1_155' title='bbox 979 3232 1020 3304; x_wconf 92' lang='lat' dir='ltr'>B.</span> <span class='ocrx_word' id='word_1_156' title='bbox 1042 3255 1274 3327; x_wconf 92' lang='lat' dir='ltr'>quamquam</span> <span class='ocrx_word' id='word_1_157' title='bbox 1298 3255 1349 3304; x_wconf 88' lang='lat' dir='ltr'>ex</span> 
     </span>
     <span class='ocr_line' id='line_1_22' title="bbox 168 3364 1349 3460; baseline 0.001 -24"><span class='ocrx_word' id='word_1_158' title='bbox 168 3364 307 3438; x_wconf 89' lang='lat' dir='ltr'>eadem</span> <span class='ocrx_word' id='word_1_159' title='bbox 346 3389 399 3440; x_wconf 91' lang='lat' dir='ltr'>sc.</span> <span class='ocrx_word' id='word_1_160' title='bbox 440 3366 632 3460; x_wconf 85' lang='lat' dir='ltr'>Spinozae</span> <span class='ocrx_word' id='word_1_161' title='bbox 671 3367 792 3460; x_wconf 91' lang='lat' dir='ltr'>ipsius</span> <span class='ocrx_word' id='word_1_162' title='bbox 833 3368 1063 3438; x_wconf 89' lang='lat' dir='ltr'>recensione</span> <span class='ocrx_word' id='word_1_163' title='bbox 1097 3365 1349 3459; x_wconf 88' lang='lat' dir='ltr'>epistularum</span> 
     </span>
     <span class='ocr_line' id='line_1_23' title="bbox 168 3497 1348 3590; baseline -0.003 -20"><span class='ocrx_word' id='word_1_164' title='bbox 168 3498 374 3572; x_wconf 87' lang='lat' dir='ltr'>conlectae</span> <span class='ocrx_word' id='word_1_165' title='bbox 413 3523 501 3573; x_wconf 87' lang='lat' dir='ltr'>esse</span> <span class='ocrx_word' id='word_1_166' title='bbox 540 3500 730 3590; x_wconf 90' lang='lat' dir='ltr'>videntur,</span> <span class='ocrx_word' id='word_1_167' title='bbox 770 3510 902 3570; x_wconf 92' lang='lat' dir='ltr'>tamen</span> <span class='ocrx_word' id='word_1_168' title='bbox 937 3501 975 3569; x_wconf 92' lang='lat' dir='ltr'>in</span> <span class='ocrx_word' id='word_1_169' title='bbox 1009 3497 1219 3570; x_wconf 93' lang='lat' dir='ltr'>minoribus</span> <span class='ocrx_word' id='word_1_170' title='bbox 1246 3497 1348 3568; x_wconf 92' lang='lat' dir='ltr'>haud</span> 
     </span>
     <span class='ocr_line' id='line_1_24' title="bbox 97 3629 1348 3726; baseline -0.002 -22"><span class='ocrx_word' id='word_1_171' title='bbox 97 3632 100 3636; x_wconf 73' lang='grc'>’</span> <span class='ocrx_word' id='word_1_172' title='bbox 167 3656 293 3726; x_wconf 89' lang='lat' dir='ltr'>pauca</span> <span class='ocrx_word' id='word_1_173' title='bbox 314 3633 536 3705; x_wconf 91' lang='lat' dir='ltr'>discrimina</span> <span class='ocrx_word' id='word_1_174' title='bbox 556 3632 763 3724; x_wconf 87' lang='lat' dir='ltr'>exhibere,</span> <span class='ocrx_word' id='word_1_175' title='bbox 785 3629 874 3703; x_wconf 89' lang='lat' dir='ltr'>cum</span> <span class='ocrx_word' id='word_1_176' title='bbox 898 3630 937 3704; x_wconf 86' lang='lat' dir='ltr'>et</span> <span class='ocrx_word' id='word_1_177' title='bbox 958 3633 1152 3726; x_wconf 90' lang='lat' dir='ltr'>interpres</span> <span class='ocrx_word' id='word_1_178' title='bbox 1170 3629 1348 3725; x_wconf 86' lang='lat' dir='ltr'>Belgicus</span> 
     </span>
     <span class='ocr_line' id='line_1_25' title="bbox 167 3764 1348 3861; baseline -0.003 -24"><span class='ocrx_word' id='word_1_179' title='bbox 167 3778 207 3837; x_wconf 90' lang='lat' dir='ltr'>et</span> <span class='ocrx_word' id='word_1_180' title='bbox 242 3768 427 3861; x_wconf 91' lang='lat' dir='ltr'>imprimis</span> <span class='ocrx_word' id='word_1_181' title='bbox 461 3766 645 3840; x_wconf 90' lang='lat' dir='ltr'>Editores</span> <span class='ocrx_word' id='word_1_182' title='bbox 669 3765 787 3837; x_wconf 92' lang='lat' dir='ltr'>Primi</span> <span class='ocrx_word' id='word_1_183' title='bbox 814 3769 852 3837; x_wconf 91' lang='lat' dir='ltr'>in</span> <span class='ocrx_word' id='word_1_184' title='bbox 878 3766 950 3837; x_wconf 91' lang='lat' dir='ltr'>hac</span> <span class='ocrx_word' id='word_1_185' title='bbox 978 3765 1039 3837; x_wconf 85' lang='lat' dir='ltr'>vel</span> <span class='ocrx_word' id='word_1_186' title='bbox 1066 3764 1127 3835; x_wconf 93' lang='lat' dir='ltr'>illa</span> <span class='ocrx_word' id='word_1_187' title='bbox 1154 3766 1348 3837; x_wconf 91' lang='lat' dir='ltr'>sententia</span> 
     </span>
     <span class='ocr_line' id='line_1_26' title="bbox 166 3888 1346 4001; baseline -0.003 -30"><span class='ocrx_word' id='word_1_188' title='bbox 166 3888 383 3973; x_wconf 92' lang='lat' dir='ltr'>omittenda</span> <span class='ocrx_word' id='word_1_189' title='bbox 409 3900 480 3972; x_wconf 91' lang='lat' dir='ltr'>sibi</span> <span class='ocrx_word' id='word_1_190' title='bbox 507 3900 676 3971; x_wconf 92' lang='lat' dir='ltr'>nonnihil</span> <span class='ocrx_word' id='word_1_191' title='bbox 704 3902 916 3993; x_wconf 90' lang='lat' dir='ltr'>sumpsisse</span> <span class='ocrx_word' id='word_1_192' title='bbox 943 3910 984 3971; x_wconf 90' lang='lat' dir='ltr'>et</span> <span class='ocrx_word' id='word_1_193' title='bbox 1008 3900 1168 4001; x_wconf 92' lang='lat' dir='ltr'>proprio</span> <span class='ocrx_word' id='word_1_194' title='bbox 1188 3897 1346 3969; x_wconf 91' lang='lat' dir='ltr'>arbitrio</span> 
     </span>
    </p>
   </div>
   <div class='ocr_carea' id='block_1_4' title="bbox 151 4137 1351 4510">
    <p class='ocr_par' dir='ltr' id='par_1_6' title="bbox 151 4137 1351 4510">
     <span class='ocr_line' id='line_1_27' title="bbox 205 4137 1351 4218; baseline -0.001 -21"><span class='ocrx_word' id='word_1_195' title='bbox 205 4139 233 4218; x_wconf 75' lang='grc' dir='ltr'>ι)</span> <span class='ocrx_word' id='word_1_196' title='bbox 265 4142 313 4199; x_wconf 92' lang='lat' dir='ltr'>De</span> <span class='ocrx_word' id='word_1_197' title='bbox 340 4139 447 4198; x_wconf 88' lang='lat' dir='ltr'>amicis</span> <span class='ocrx_word' id='word_1_198' title='bbox 479 4137 643 4215; x_wconf 87' lang='lat' dir='ltr'>Spinozae,</span> <span class='ocrx_word' id='word_1_199' title='bbox 671 4137 723 4213; x_wconf 90' lang='lat' dir='ltr'>qui</span> <span class='ocrx_word' id='word_1_200' title='bbox 752 4137 919 4197; x_wconf 85' lang='lat' dir='ltr'>editionem</span> <span class='ocrx_word' id='word_1_201' title='bbox 941 4139 1021 4215; x_wconf 90' lang='lat' dir='ltr'>Opp.</span> <span class='ocrx_word' id='word_1_202' title='bbox 1043 4138 1147 4200; x_wconf 92' lang='lat' dir='ltr'>Posth.</span> <span class='ocrx_word' id='word_1_203' title='bbox 1169 4147 1351 4200; x_wconf 85' lang='lat' dir='ltr'>curaverunt</span> 
     </span>
     <span class='ocr_line' id='line_1_28' title="bbox 162 4235 1349 4315; baseline -0.003 -18"><span class='ocrx_word' id='word_1_204' title='bbox 162 4248 192 4298; x_wconf 90' lang='lat' dir='ltr'>et</span> <span class='ocrx_word' id='word_1_205' title='bbox 211 4237 361 4315; x_wconf 91' lang='lat' dir='ltr'>imprimis</span> <span class='ocrx_word' id='word_1_206' title='bbox 382 4239 420 4296; x_wconf 87' lang='lat' dir='ltr'>de</span> <span class='ocrx_word' id='word_1_207' title='bbox 439 4238 596 4296; x_wconf 88' lang='lat' dir='ltr'>Schullero</span> <span class='ocrx_word' id='word_1_208' title='bbox 617 4235 813 4313; x_wconf 82' lang='lat' dir='ltr'>epistularum</span> <span class='ocrx_word' id='word_1_209' title='bbox 836 4236 950 4297; x_wconf 90' lang='lat' dir='ltr'>editore</span> <span class='ocrx_word' id='word_1_210' title='bbox 968 4238 1007 4296; x_wconf 89' lang='lat' dir='ltr'>cf.</span> <span class='ocrx_word' id='word_1_211' title='bbox 1024 4235 1206 4294; x_wconf 91' lang='lat' dir='ltr'>Meinsmal.</span> <span class='ocrx_word' id='word_1_212' title='bbox 1219 4238 1238 4294; x_wconf 91' lang='lat' dir='ltr'>l.</span> <span class='ocrx_word' id='word_1_213' title='bbox 1250 4255 1280 4312; x_wconf 91' lang='lat' dir='ltr'>p.</span> <span class='ocrx_word' id='word_1_214' title='bbox 1292 4255 1349 4311; x_wconf 84' lang='lat'>443</span> 
     </span>
     <span class='ocr_line' id='line_1_29' title="bbox 161 4332 1351 4412; baseline -0.003 -17"><span class='ocrx_word' id='word_1_215' title='bbox 161 4346 191 4395; x_wconf 88' lang='lat' dir='ltr'>et</span> <span class='ocrx_word' id='word_1_216' title='bbox 218 4354 319 4412; x_wconf 89' lang='lat' dir='ltr'>seqq.‚</span> <span class='ocrx_word' id='word_1_217' title='bbox 347 4337 428 4411; x_wconf 92' lang='lat' dir='ltr'>apud</span> <span class='ocrx_word' id='word_1_218' title='bbox 453 4353 544 4411; x_wconf 90' lang='lat' dir='ltr'>quem</span> <span class='ocrx_word' id='word_1_219' title='bbox 565 4337 737 4411; x_wconf 82' lang='lat' dir='ltr'>perlegatur</span> <span class='ocrx_word' id='word_1_220' title='bbox 757 4334 848 4392; x_wconf 90' lang='lat' dir='ltr'>etiam</span> <span class='ocrx_word' id='word_1_221' title='bbox 870 4333 970 4410; x_wconf 89' lang='lat' dir='ltr'>lepida</span> <span class='ocrx_word' id='word_1_222' title='bbox 989 4333 1044 4394; x_wconf 90' lang='lat' dir='ltr'>illa</span> <span class='ocrx_word' id='word_1_223' title='bbox 1064 4332 1291 4392; x_wconf 83' lang='lat' dir='ltr'>narratiuncula</span> <span class='ocrx_word' id='word_1_224' title='bbox 1312 4333 1351 4391; x_wconf 85' lang='lat' dir='ltr'>de</span> 
     </span>
     <span class='ocr_line' id='line_1_30' title="bbox 151 4430 1348 4510; baseline -0.002 -17"><span class='ocrx_word' id='word_1_225' title='bbox 151 4432 286 4493; x_wconf 81' lang='lat' dir='ltr'>nomine</span> <span class='ocrx_word' id='word_1_226' title='bbox 303 4431 448 4492; x_wconf 86' lang='lat' dir='ltr'>Leibnitil</span> <span class='ocrx_word' id='word_1_227' title='bbox 465 4452 519 4510; x_wconf 92' lang='lat' dir='ltr'>per</span> <span class='ocrx_word' id='word_1_228' title='bbox 536 4451 668 4492; x_wconf 86' lang='lat' dir='ltr'>errorem</span> <span class='ocrx_word' id='word_1_229' title='bbox 687 4430 830 4500; x_wconf 81' lang='lat' dir='ltr'>omnibus</span> <span class='ocrx_word' id='word_1_230' title='bbox 846 4430 940 4493; x_wconf 88' lang='lat' dir='ltr'>literis</span> <span class='ocrx_word' id='word_1_231' title='bbox 956 4430 989 4499; x_wconf 83' lang='lat' dir='ltr'>in</span> <span class='ocrx_word' id='word_1_232' title='bbox 1007 4432 1064 4497; x_wconf 80' lang='lat' dir='ltr'>Ed.</span> <span class='ocrx_word' id='word_1_233' title='bbox 1083 4430 1183 4500; x_wconf 85' lang='lat' dir='ltr'>Ptine.</span> <span class='ocrx_word' id='word_1_234' title='bbox 1199 4449 1348 4508; x_wconf 85' lang='lat' dir='ltr'>expresso.</span> 
     </span>
    </p>
   </div>
   <div class='ocr_carea' id='block_1_5' title="bbox 0 0 1564 5070">
    <p class='ocr_par' dir='ltr' id='par_1_7' title="bbox 0 0 1564 5070">
     <span class='ocr_line' id='line_1_31' title="bbox 0 0 1564 5070; baseline 0 5"><span class='ocrx_word' id='word_1_235' title='bbox 0 0 1564 5070; x_wconf 95' lang='lat' dir='ltr'> </span> 
     </span>
    </p>
   </div>
  </div>
 </body>
</html>
